1424 2332
108 200 1091 293 et Anabaptiſticæ, de qbus in alijs Tomis, ſi uixe=
111 274 514 351 ro, præfandum eſt.
196 356 1092 439 Vale, Lector, in Domino, et ora pro incre=
111 439 1079 510 mento uerbi, aduerſus Satanam, quia potens et
110 505 1088 581 malus eſt, nunc etiam furentißimus et ſæuißimus.
115 577 1092 656 ſciens quoniam breue tempus habet, et regnum
112 647 1092 724 ſui Papæ periclitatur. Confirmet autem Deus hoc
111 721 1092 796 in nobis, quod operatus eſt, et perficiat opus
114 788 1092 871 ſuum, quod incepit in nobis, ad gloriam ſuam
112 866 737 943 Amen. 5. Martij, Anno 1545.
112 984 1075 1072 SEQVVNTVR ALIQVOT
114 1061 1085 1132 DISTICHA, DE ACTIS LVTHE⸗
112 1138 1078 1219 ri, quæ ſimul annorum numerum,
228 1207 992 1286 quædam etiam diem in ſe
318 1283 879 1360 comprehendunt, ut
114 1371 1096 1453 D. Martinus natus eſt, Anno 1483. Quod tempus
120 1443 954 1519 comprehenſum eſt hoc ſequenti Disticho,
121 1526 1009 1602 NAtus es Iſslebij diuine Propheta Luthere,
475 1500 664 1552 o Pseudo-
116 1597 849 1690 Relligio fulget, te duce, Papa iacet.
632 1579 739 1622 tota.
247 1737 947 1826 ANNVS MAGISTERII.
515 1831 713 1895 1503.
120 1888 1042 1986 ERfurdi iuuenis titulos capit urbe Magiſtri,
199 1974 999 2056 Lustra ſuæ ætatis quatuor acta colens.
856 2043 1100 2123 ANNVS
