1424 2332
599 69 922 119 DE VITA
263 108 1233 204 licis ſubornatus aut incitatus ſit, ſicut ſcripſit
261 183 1230 268 Dux Brunſuuicenſis, ut doluerit etiam dux Fri=
260 248 1223 348 dericus moueri certamina, longe proſpicient,
261 321 1230 421 quanquam exordium eſſet de re plauſibili, ta=
257 401 1225 492 men paulatim latius uagaturam eſſe hanc flam⸗
260 474 1045 551 mam, ut de Lite apud Homerum dicitur:
257 538 1166 628 Parua metu primo, mox ſeſe attollit in auras.
335 616 1221 703 Cumq; unus omnium noſtræ ætatis princi=
252 682 1219 776 pum Fridericus et tranquillitatis publicæ aman
248 754 1216 847 tißimus fuerit, et minime ωλεονεκτικός, maxi=
243 829 1214 918 meq; ſolitus ſit referre conſilia ad communem
243 897 1212 983 ſalutem orbis terrarum, ut ex multis rebus in=
244 969 1212 1061 telligi poteſt, nec incitator Luthero, nec adplau
243 1040 1208 1137 ſor fuit, ſuumq; dolorem ſæpe ſignificauit, quem
239 1107 1201 1198 aßidue circumtulit, metuens diſcordias maiores.
312 1182 1203 1274 Sed uir ſapiens, et non tantum prophana iu
234 1251 1203 1344 dicia ſequens, quæ tenera initia omnium muta=
234 1330 1201 1410 tionum celerrime opprimi iubent, Sed etiam
231 1396 1201 1486 normam diuinam in conſilium adhibens, quæ iu
230 1466 1199 1557 bet audiri Euangelium, et uetat agnitæ ueritati
226 1536 1197 1625 aduerſari, ac blaſphemia uocat horribiliter da=
228 1612 1195 1697 mnatam à Deo, pertinaciam ueritati aduerſan=
224 1677 1193 1769 tem, fecit, quod multi alij pij et ſapientes fece⸗
224 1750 1192 1842 runt, Deo ceßit, ſtudioſe legit ea quæ ſcribeban=
220 1821 1186 1917 tur, et ea quæ iudicauit uera eſſe, delere non uo
216 1883 322 1980 luit.
1081 1989 1184 2062 Scio
