1424 2332
165 129 1105 216 tiones de Indulgentijs, quæ in primo Tomo mo
165 203 1128 288 numentorum ipſius extant, et has publice Tem=
165 272 1132 364 plo, quod arci Vuittebergenſi contiguum eſt, af=
167 347 1124 431 fixit pridie festi omnium Sanctorũ, Anno 1517.
171 414 1128 498 Hic Tecelius nihil ſui dißimilis, ac ſperans eti=
168 491 1129 573 am gratiam ſe apud Romanum Pontificem initu
169 555 1128 641 rum eſſe, ſuum Senatum conuocat, Monachos
169 627 1128 719 aliquot et Theologos ſophiſtica ſua utcunq; le
167 702 1129 786 uiter tinctos, hos componere aliquid iubet ad⸗
165 770 1136 861 uerſus Lutherum. Ipſe interea, ne eſſet κοφὸν
180 845 1136 928 ωρόδωπον, non iam conciones, ſed fulmina in
180 913 1138 1000 Lutherum torquet, uociferatur ubiq; hunc Hæ⸗
181 985 1144 1067 reticum igni perdendum eſſe, Propoſitiones eti
185 1049 1145 1138 am Lutheri et Concionem de Indulgentijs publi
185 1124 1146 1208 ce coniſcit in flammas. Hi furores Tecelij et eius
187 1194 1145 1278 ſatellitum imponunt neceßitatem Luthero, de re
189 1265 1149 1353 bus ijſdem copioſius diſſerendi, et tuendæ ueri=
190 1356 326 1428 tatis.
243 1408 1153 1493 Hæc initia fuerunt huius cotrouerſiæ, in qua
193 1478 1155 1565 Lutherus nihil adhuc ſuſpicans aut ſomnians de
198 1552 1155 1637 futura mutatione rituum, ne quidem ipſas In=
195 1620 1159 1711 dulgentias prorſus abijciebat, ſed tantum mode=
196 1688 1159 1776 rationem flagitabat. Quare falſo eum calumni=
200 1761 1160 1856 antur, qui à plauſibili cauſa exorſum dicunt, ut
203 1831 1158 1925 poſtea mutaret Rempub. et uel ſibi uel alijs
202 1904 1162 1997 potentiam quæreret. Ac tantum abeſt, ut ab au=
872 1983 940 2045 B
987 1982 1031 2080 2
470 69 852 143 LVTHERI.
