1424 2332
72 187 1028 294 DE VITA ET ACTIS RE
64 266 1035 361 uerendiſs. uiri. D. Martini Luthe⸗
125 345 975 439 ri, ſyncerioris Theologiæ Do=
234 421 877 505 ctoris, bona fide con=
436 496 700 562 ſcripta a
82 542 1039 646 PHILIP. MELANTHONE.
426 649 1039 733 PEM NOBIS FECE=
426 721 1044 794 rat Reuerendus uir Martinus
426 791 1043 875 Lutherus, et curriculum ſe
427 864 1045 947 uitæ ſuæ, et certaminum oc⸗
418 936 1043 1019 caſiones narraturum eſſe, q
82 1002 1045 1103 feciſſet, niſi ex hac mortali uita, ad æternam Dei
89 1072 1049 1168 et Eccleſiæ cœleſtis conſuetudinem euocatus eſ
85 1140 1045 1245 ſet. Vtilis autem eſſet et priuatæ ipſius uitæ co⸗
88 1216 1044 1316 ſideratio luculenter ſcripta, plena enim fuit ex=
84 1290 1041 1384 emplorum, quæ ad confirmandam pietatem in bo
82 1362 1045 1448 nis mentibus profutura eſſent, et occaſionum re
85 1432 1044 1526 citatio, quæ poſteritatem de multis rebus com=
86 1501 1046 1594 monefacere poſſet, Deinde et calumnias refuta
84 1571 1044 1664 ret eorum, qui uel incitatum à principibus uiris
85 1637 1048 1737 aut alijs, ut labefactaret Epiſcoporum di=
98 1712 1049 1812 gnitatem, uel priuata ipſum cupiditate in ſtam=
86 1780 1044 1883 matum, ſeruitutis Monaſticæ uincula rupiſſe
86 1874 263 1964 fingunt.
721 1932 800 2006 A
831 1929 890 2013 4
68 71 1029 205 HISTORIA
