1424 2332
326 108 723 171 LVTHERI.
41 171 1015 248 eu in illud uitæ monaſticæ genus induxit, in quo
44 242 1017 321 etſi doctrinam in ſcholis uſitatam quotidie diſce
47 317 1015 389 bat, et Sententiarios legebat, et in diſputationi
49 383 1017 462 bus publicis labyrinthos alijs inextricabiles, di⸗
53 458 1014 532 ſerte, multis admirantibus explicabat, tamen
54 532 1015 607 quia in eo uitæ genere non famam ingenij, ſed
50 603 1015 678 alimenta pietatis quærebat, hæc ſtudia tanquam
54 673 1014 751 parerga tractabat, et facile arripiebat illas ſcho
49 744 1015 816 laſticas methodos. Interea fontes doctrinæ cœle=
50 814 1015 892 ſtis auide legebat ipſe, ſcilicet ſcripta propheti⸗
50 887 1014 961 ca et Apoſtolica, ut mentem ſuam de Dei uolun
51 958 1011 1032 tate erudiret, et firmis teſtimonijs aleret timo⸗
54 1032 1008 1105 rem et fidem. Hoc ſtudium ut magis expeteret,
50 1094 923 1175 illis ſuis doloribus et pauoribus mouebatur.
98 1238 1014 1316 Et ſenis cuiuſ da ſermonibus in Augustiniano
46 1313 1014 1392 collegio Erphordiæ ſæpe ſe confirmatum eſſe
49 1387 1015 1458 narrabat, cui cum conſternationes ſuas expone⸗
57 1454 1014 1532 ret, audiuit eum de fide multa diſſerentem, ſeq
53 1524 1021 1597 deductu aiebat ad Symbolu, in quo dicitur: cre⸗
50 1598 1021 1671 do remißionem peccatorum. Hunc articulum ſic
54 1669 1021 1742 ille interpretatus erat, non ſolum in genere cre⸗
59 1737 1017 1813 dendu eſſe, aliquibus remitti, ut et dæmones cre
55 1807 1022 1882 dunt, Dauidi aut Petro remitti, Sed mandatum
53 1879 1022 1956 Dei eſſe, ut ſinguli homines remitti nobis pecca⸗
53 1951 1024 2032 ta credamus. Et hanc interpretatione confirma
922 2026 1027 2088 tam
