1424 2332
563 77 1056 138 PRAEFATIO.
316 141 1289 218 bus religio cara eſt, et qui afficiuntur periculis
314 211 1293 291 Eccleſiæ Chriſti, quæ ſub hoc Doctore ſatis flo=
316 288 1290 361 rens, tuta, ac munita fuit. Nunc uero quoniam
312 354 1290 436 ſublatus eſt, quid interea euenerit, magno cum
316 430 1291 509 luctu, multusq; lachrimis hucuſq; uidimus, ac
316 502 1290 581 quotidie uidemus, necdum ſcimus, quid adhuc
318 571 1289 652 ſit ſperandum de furoribus quorundam, quos
314 643 1287 722 Lutherus ui ſua atq; autoritate compreßit. Ego
313 722 1289 794 certe aliquid magni metuo. Nam cu colligo euen
314 795 1291 865 tus priorum temporum, comperio occaſum tan⸗
317 862 1293 934 torum uiroru raro non exitialem fuiſſe. Sed no=
316 930 1286 1009 bis conſolatio certa ac firma propoſita eſt, ui⸗
316 1002 1284 1080 delicet Oratio et promißiones Dei. Precabimur
317 1077 1291 1147 itaq; Deum parentem noſtrum, ut adhuc extru=
313 1147 1293 1223 dat alios operarios in meſſem ſuam, qui pergant
313 1213 1291 1296 illuſtrare gloriam gratiæ ſuæ, et regni leſu Chri
312 1289 1294 1369 ſti, ad promouendam ac perficiendam ſalutem
314 1362 1294 1435 electorum ſuorum. Et rogabimuus Patrem in no=
314 1428 1295 1509 mini unigeniti filij ſui leſu Chriſti domini no=
312 1500 1297 1587 ſtri, ut Eccleſiam ſuam, et hoc hoſpitiolum fide=
314 1577 1294 1653 lium ſuorum, quod apud nos uerbo ſuo, per Lu=
318 1650 1294 1723 therum ædificauit, regat, gubernet et coſeruet,
314 1717 1293 1798 ad gloriam nominus ſui, Amen. Ipſe recepit ſe fu=
313 1787 1294 1866 turum nobiſcum, uſq; ad coſummationem ſeculi,
318 1860 1295 1934 et dixit: Non relinquam uos orphanos. Hæc cu
317 1932 1293 2019 uera ſunt, et maxime conſolatoria pijs menti=
1190 1999 1293 2069 bus.
