1424 2332
351 108 1322 221 legendi ſcripta theologica non omittens. Post
347 185 1320 295 triennium Romam profectus propter Monacho⸗
343 261 1322 365 rum controuer ſias, cum eodem anno reuerſus eſ⸗
343 327 1317 432 ſet, uſitato more ſcholarum, Duce Saxoniæ Ele⸗
342 399 1309 507 ctore Friderico præbente ſumptus, ornatus est
340 476 1308 577 gradu Doctorum, ut uſitate loquimur. Audie⸗
338 555 1304 651 rat enim concionantem, et uim ingenij. et ner⸗
331 627 1300 720 uox orationis, ac rerum bonitatem expoſitarum
326 694 1299 800 in concionibus, admiratusfuerat. Et ut quadam
322 768 1297 864 quaſi maturitate iudicij uide as gradum ei Docto
318 839 1293 931 rum attributum eſſe, ſcias fuiſſe eum annum æ=
317 914 1294 1001 tatis Lutheri triceſimum. Ipſe narrabat ſibi ad⸗
312 982 1291 1079 modum defugienti et recuſanti mandatum eſſe à
312 1058 1290 1149 Staupicio, ut hoc gradu ornari ſe ſineret, E⸗
304 1129 1289 1216 umq; per iocum dixiſſe, multum negociorum Deo
300 1198 1287 1291 iam in Eccleſia fore, ad quæ ipſius uſurus eſſet
296 1274 1280 1357 opera. Cui uoci, et ſi ioco tunc emiſſa eſt, tamen
295 1347 1278 1434 euentus reſpondit, ut multa præcedunt mutatio
290 1419 603 1491 nes praſagia.
321 1480 1263 1577 Foſtea enarrare Epiſtola ad Romanos cœpit,
285 1554 1267 1646 deinde Pſalmoz, hæc ſcripta ſic illustrauit, ut
279 1628 1262 1715 poſt long à et obſcuram noctem, noua doctrinæ
277 1702 1256 1786 lux oriri uideretur, omnium pioru et prudentu
274 1768 1262 1860 iudicio. Hic monſtrauit Leg is et Euagelij diſcri
270 1839 1258 1932 men, hic refutauit errorem, qui tunc in ſcholis et
266 1909 1249 2013 concionib. regnabat, qui docet, mereri homines
983 1988 1243 2136 remißionem.
665 29 1013 134 DE VITA
