1424 2332
382 108 780 165 LVTHERI.
88 167 1052 239 in eam cæteræ honeſtæ mulieres, ut in exemplar
85 237 1057 314 uirtutum. Hæc mihi aliquoties interroganti de
88 312 1045 386 tempore, quo filius natus eſt, reſpondit, diem et
90 377 1053 457 horam ſe certo meminiſſe, ſed de anno dubitare.
90 452 1056 525 Adfirmabat autem natum eſſe die decimo No=
91 522 1058 595 uembris, nocte poſt horam undecimam, ac no=
90 592 1058 669 men Martini attributum infanti, quod dies pro=
85 664 1058 743 ximus, quo infans per Baptiſmum Eccleſiæ Dei
86 731 1052 812 inſertus eſt, Martino dicatus fuiſſet. Sed frater
85 808 1057 883 eius lacobus, uir honeſtus et integer, opinionem
88 875 1054 954 familiæ de ætate fratris hanc fuiſſe dicebat, na=
88 944 903 1026 tum eſſe Anno à natali Christi 1483.
147 1017 1057 1097 Poſtquam ætas doctrinæ capax fuit, paren=
85 1088 1053 1162 tes filium Martinum ad agnitionem et timorem
89 1154 1056 1237 Dei et ad aliarum uirtutum officia domeſtica
85 1225 1053 1308 inſtitutione diligenter adſuefecerunt, et ut est
86 1302 1053 1377 conſuetudo honestorum hominum, curauerunt
85 1370 1056 1449 ut literas diſceret, geſtauitq; in ludum litera=
84 1443 1041 1522 rium adhuc paruulum Georgij Aemilij pater,
82 1514 1057 1592 qui cum adhuc uiuat, teſtis huius narrationis eſ=
89 1577 298 1657 ſe potest.
146 1658 1052 1733 Florebant autem eo tempore Scholæ Gram=
84 1725 1052 1804 maticæ in Saxonicis urbibus mediocriter, quare
81 1794 1054 1877 cum Martinus ingreſſus eſſet annum quartum
81 1861 1054 1947 decimum, una cum lohane Reineck, cuius poſtes
82 1931 1058 2032 uirtus fuit excelles, et uirtute parta autoritas in
763 2013 812 2093 A
865 2021 908 2098 5
