1424 2332
682 71 997 133 DE VITA
364 124 1339 215 tam dicebat Bernardi dicto, monſtratumq; lo⸗
362 204 1335 285 cum in concione de Annunciatione, ubi hæc ſunt
361 274 1332 358 uerba: Sed adde ut credas et hoc, quod per
362 347 1335 427 ipſum peccata TIBI donantur. Hoc eſt te⸗
364 418 1328 502 ſtimonium quod perhibet Spiritus Sanctus in cor
364 488 1332 572 de tuo, dicens: Dimiſſa ſunt tibi peccata tua. Sic
360 560 1334 649 enim arbitratur Apoſtolus, Gratis iuſtificari ho⸗
357 630 725 719 minem per fidem.
432 776 1332 865 Hac ſe uoce non ſolum confirmatum eſſe Lu
362 851 1334 928 therus dicebat, ſed commone factum etiam de to⸗
361 922 1330 1000 ta Pauli ſententia, qui toties inculcat hoc di⸗
360 991 1329 1074 ctum: Fide iuſtificamur. D. quo, cum multorum
361 1063 1321 1149 expoſitiones legiſſet, tunc et ex huius ſermonib.
364 1134 1328 1217 et ſuæ mentis conſolatione animaduertiſſe, in⸗
361 1208 1326 1287 terpretationum, quæ tunc in manibus erant, ua⸗
360 1276 1329 1357 nitatem. Paulatim legenti et conferenti dicta
360 1347 1324 1434 et exempla in Prophetis et Apoſtolis recitata,
361 1422 1324 1509 et in quotidiana inuocatione excitanti fidem,
356 1487 735 1567 plus lucis acceßit.
444 1558 1326 1649 Tunc et Auguſtini libros legere cœpit, ubi
355 1631 1324 1717 et in Pſalmoru enarratione, et in Libro de Spi
356 1706 1326 1789 ritu et litera, multas perſpicuas ſententias re⸗
357 1774 1322 1859 perit, quæ confirmabant hanc de fide doctri⸗
352 1843 1321 1931 nam, et conſolationem, quæ in ipſius pectore
351 1916 1322 2014 accenſa erat. Nec tamen prorſus reliquit Sen=
1092 2000 1312 2079 tentiarios
