1424 2332
650 108 1017 183 DE VITA
343 171 1315 264 em doctrinam omnibus magis magisq; illuſtra⸗
342 251 1312 339 bat, de pœnitentia, de remißione peccatorum,
345 317 1316 411 de fide, de ueri conſolationibus in cruce. Huius
347 388 1317 480 doctrinæ dulcedine pij omnes ualde capieban⸗
352 461 1315 551 tur. Et eruditis gratum erat, quaſi ex tenebris,
347 536 1320 628 carcere, ſqualore educi Chriſtum, Prophetas,
355 607 1319 699 Apoſtolot, conſpici diſcrimen Legis et Euange
356 677 1320 770 lij, promißionum Legis, et promißionis Euange
353 747 1322 838 licæ. Philoſophie et Euangelij, quod certe non
356 817 1326 910 extabat in Thoma, Scoto, et ſimilibus, Iuſtitiæ
360 896 1048 983 ſpiritualis et rerum politicarum.
418 956 1328 1049 Accedebat huc, quod Eraſmi ſcriptisiam in⸗
362 1032 1328 1123 uitata erant iuuentutis ſtudia ad Latinæ et Græ
365 1106 1333 1198 cæ linguæ cognitionem, Quare monſtrato iam
367 1172 1333 1264 dulciore genere doctrinæ, multi bonis et liberis
366 1239 1335 1340 ingenijs præditi, abhorrere à barbarica et ſo=
367 1316 1282 1412 phiſtica doctrina Monachorum incipiebant.
428 1383 1343 1480 Ipſe etiam Lutherus Græce et Hebraicæ lin=
373 1453 1339 1562 guæ ſtudijs ſe dedere cœpit, ut cognita ſermonis
378 1526 1344 1631 proprietate et phraſi, et hauſta ex fontibus
374 1603 1114 1695 doctrina, dexterius iudicare poſſet.
456 1666 1347 1765 In hoc curſu cum eſſet Lutherus, circumfe⸗
380 1737 1348 1839 runtur uenales Indulgentiæ in his regionibus à
387 1811 1348 1909 Tecelio Dominicano impudentißimo ſycophan⸗
380 1882 1351 1987 ta, cuius impijs et ne farijs concionibus irritatus
379 1943 1359 2073 Lutherus, ſtudio pietatis ardens, edidit Propoſi⸗
1212 2026 1355 2097 tiones
