1424 2332
361 160 752 229 LVTHERI.
68 215 1038 312 remißionem peccatorum proprijs operibus, et
71 287 1037 387 homines cora Deo iustos eſſe diſciplina, ut Pha
72 358 1036 456 riſæi docuerunt Reuocauit igitur Lutherus ho⸗
67 431 1032 527 minum mentes ad filium Dei, et ut Baptiſta, mon
66 505 1028 602 ſtrauit agnum Dei qui tulit peccata noſtra, oſte
59 575 1027 672 dit gratis propter filium Dei remitti peccata, et
58 643 1026 743 quidem oportere id beneficium fide accipi. Illu⸗
53 715 1021 814 ſtrauit et cæteras partes doctrine Eccleſiaſticæ.
155 795 1023 882 Hæc ei exordia rerum optimarum magnam
47 861 1021 954 autoritatem circundederunt, præſertim cum mo
54 937 1015 1022 res congruerent cum oratione docentis, uidere⸗
46 998 1008 1094 turq; oratio non in labris naſci, ſed in pectore.
51 1066 1013 1164 Hæc uitæ admiratio magnas efficit inclinationes
46 1137 1004 1235 in animis auditorum, ut ueteres etiam dixerunt,
46 1212 1010 1309 σχεδόν, ως ειπείν, κυριωτάτην έχει πίστιν τὸ
40 1280 1010 1378 ἦθος. Quare poſtea cum quoſdam receptos ritus
41 1352 1008 1448 mutaret, honeſti uiri, qui eum norant, minus ue⸗
34 1421 1009 1519 hementer aduerſati ſunt, eiq; propter autorita⸗
32 1493 974 1587 tem, quam et rerum bonarum illuſtratione, et
38 1561 1000 1662 ſanctitate morum antea pepererat, in ijs ſenten
34 1632 999 1733 tijs adſenſerunt, quibus magno cum dolore uide⸗
32 1698 675 1787 bant orbem terrarum diſtrahi.
86 1773 995 1873 Nec Lutherus tunc in ritibus quidquam mu⸗
25 1839 991 1940 tabat, imo tetricus diſciplinæ custos inter ſuos
25 1914 992 2013 erat, nec miſcuerat aliquid opinionum horridio
22 1984 991 2093 rum. Sed illam communem et prorſus neceſſari
791 2079 826 2173 B
