1424 2332
80 325 1056 431 ſtriſsimo principi ac domino, domi
84 466 1046 566 Aſcaniæ Comiti, dominoque Berne
81 535 1054 638 burgenſi, In cauſis uero ſpirituali⸗
76 611 1048 704 bus Adminiſtratori Marsburgen⸗
129 674 951 777 ſi, & Eccleſiæ Magdeburgen
364 755 755 847 ſis Præpoſito,
173 883 939 984 Gratiam et pacem in Chriſto Deo et
390 963 759 1045 ſaluatore noſtro.
414 1066 1043 1149 AGNVS ERAT LV=
409 1137 1041 1226 ctus, ingentes querelæ, mul⸗
405 1211 1043 1296 tæ lachrymæ in uniuerſa Ro=
402 1287 1037 1366 ma, cum Cicero pater patriæ
385 1348 1036 1438 pulſus, cogeretur exulare. Oc
51 1416 1035 1506 cupauit tamen iſte luctus non quoſuis, non ſedi=
50 1483 1027 1579 tioſos Catilinas, non furibundos Antonios, hisq;
53 1552 1030 1650 ſimiles ſceleratos et ulcera urbis, ſed pacificos
47 1625 1022 1724 et moderatos, et qui amabant æquitatem, et qui
44 1695 1023 1793 bus grata erat Reipub. tranquillitas. Ita non du⸗
44 1764 1019 1857 bito, etiam adhuc hodie Lutheri mortem triſtem
50 1837 1021 1932 et acerbam eſſe, ſemperq; futuram, etſi no omni
44 1908 1021 2004 bus, tamen uiris bonis, Imprimis autem illis, qui⸗
91 69 1025 268 REVEREN⸗
85 240 1056 355 DISS. ATQVE ILLV⸗
71 392 1036 505 no Georgio, principi ab Anhalt,
128 800 986 903 Coll. S. J. Mannhemij
486 2102 747 2201 1723
