1424 2332
671 48 1029 106 DE VITA
387 108 1326 193 Hæc prodeſſet ab ipſo integre et copioſe ex=
349 172 1322 262 poſita et commemorata eſſe. Etſi enim maleuoli
345 237 1317 334 uulgare illud obiecturi erant, αυτός αυτον αύ
347 313 1317 411 λεϊ, tamen et in ipſo tanti grauitatis fuiſſe ſci
343 386 1316 480 mus, ut optima fide Hiſtoriam recitaturus fue=
342 457 1311 548 rit. Et multi boni et ſapientes uiri adhuc ui⸗
340 535 1313 615 uunt, quibus cum ſciret ſeriem harum rerum no=
338 601 1312 699 tam eſſe, fuiſſet ridiculum, aliam historiam, ut fit
334 669 1308 776 interdum in poëmatis, comminiſci. Sed quia edi
338 744 1304 836 tionem talis historiæ fatalis ipſius dies anteuer=
334 820 1307 915 tit, non ijſdem de rebus ea quæ partim ex ipſo au
331 887 1306 985 diuimus, partim ipſi uidimus, bona fide recitatu=
330 957 544 1046 ri ſumus.
414 1036 1306 1132 VEtus familia eſt, et late propagata medio=
325 1108 1302 1198 crium hominum, cognomine Luther, in ditione
325 1177 1300 1268 inclytorum Comitum Manßfeldenſium. Paren⸗
322 1254 1300 1346 tes uero Martini Lutheri primum in oppido Iſs=
320 1321 1300 1410 leben, ubi Martinus Lutherus natus eſt, domici=
318 1394 1295 1484 lium habuerunt, Deinde migrarunt in oppidum
318 1465 1294 1552 Manßfeld, ubi pater lohannes Lutherus et Ma=
316 1540 1293 1624 giſtratus geßit, et propter integritatem omni=
312 1610 927 1688 bus bonis uiris carißimus fuit.
375 1680 1290 1764 In matre Margarita, coniuge Iohannis Lu=
308 1752 1290 1835 theri, cum cæteræ erant uirtutes honeſtæ matro=
309 1826 1287 1907 næ conuenientes, tum uero præcipue lucebant
340 1892 1284 1996 udicitia, timor Dei, et inuocatio, intuebanturq;
1122 1979 1280 2071 in eam
