1424 2332
29 145 1029 293 SEQVVN
70 268 1025 373 TVR ACTA REVERENDI
58 347 1011 443 Patris D. Martini Luth. coram Cæ
53 430 1013 511 ſare Carolo 5. Principibus, Electo⸗
111 502 954 584 ribus, & Imperij ordinibus, in
231 577 834 654 Comitijs Principum
355 643 712 720 Vuormatiæ.
470 786 1009 856 NNO SALVTIS. NO
474 858 1015 928 ſtræ M. D. XXI. poſt do
470 932 1014 1002 mini cam Miſericordia Do
483 1000 1014 1075 mini, feria tertia, D. Marti
475 1072 1011 1140 nus Lutherus Vuormatiam
469 1141 1009 1216 ingreſſus eſt, uocatus à
38 1215 1006 1286 Carolo Imperatore, eius nomine 5. Rege Hi⸗
38 1278 1003 1364 ſpaniarum, Archiduce Auſtriæ etc. qui primo
41 1359 1002 1431 Imperij ſui anno, primum conuentum Principu
34 1428 1008 1500 in ea urbe regia celebrauit. Cum autem ante tri=
31 1496 1002 1571 ennium Paradoxa quædam diſputanda propoſu⸗
27 1566 1001 1640 iſſet Vuittebergæ in Saxonibus D. Martinus, ad=
33 1640 1000 1712 uerſus tyrannidem Romani Epiſcopi (quæ ta=
32 1708 997 1782 men interea à Pontificijs uarie lacerata, dam=
34 1781 995 1852 nata et exuſta fuerunt, à nullo tamen aut ſcri=
40 1851 989 1923 pturis aut rationibus conuicta) cœpit res
33 1920 988 1996 ad tumultum ſpectare, uulgo cauſam Euangelij
32 1988 992 2071 aduerſus Clericos tuente. Et ob id bonum uide=
636 2061 803 2160 C 2
857 2063 997 2145 batur
