1424 2332
349 150 1332 242 ceptut, iam non ſolum acerrimo ſtudio doctri⸗
344 218 1332 317 nam Eccleſtæ diſcit, ſed etiam ſumma diſciplinæ
343 292 1321 393 ſeueritate ſeipſe regit, et omnibus exercitijs le⸗
344 365 1320 461 ctionum, diſputationum, ieiuniorum, precum, o⸗
340 439 1316 538 mnes longe ſuperat. Erat autem natura, q ſæpe
330 507 1315 601 miratus ſum, in corpore nec paruo, nec imbecil=
333 576 1312 678 ti, ualde modici cibi et potus, uidi continuis qua
329 651 1308 750 tuor diebus, cum quidem recte ualeret, prorſus
325 721 1302 820 nihil edentem aut bibentem, uidi ſæpe alias mul=
141 785 310 891 halece
329 792 1297 899 tis diebus quotidie exiguo pane et halece con=
314 861 597 941 tentum eſſe.
377 936 1286 1040 Occaſio autem ingrediendi illud uitæ genus,
312 1009 1289 1112 quod pietati et ſtudijs doctrinæ de Deo exiſtima
307 1077 1277 1182 uit eſſe couenientius, hæc fuit, ut ipſe narrabat,
305 1154 1278 1250 et ut multi norunt. Sæpe enim cogitantem atten
301 1229 1278 1318 tius de ira Dei, aut de mirandis pœnarum exem=
301 1295 1273 1394 plis, ſubito tanti terrores concutiebant, ut pene
291 1365 1276 1466 exanimaretur. Ac uidi ipſe, cum in quadam do⸗
291 1434 1264 1540 ctrinæ diſputatione propter intentione conſter⸗
287 1506 1252 1611 natus, in uicino cubiculo ſe in lectum collocauit,
283 1583 1260 1680 ubi hanc ſententiam crebro repetitam miſcuit
281 1650 1258 1751 inuocationi, Concluſit omnes ſub peccatum, ut
274 1726 1249 1824 omnium miſereatur. Hos terrores ſeu primum,
277 1790 1249 1896 ſeu acerrimos ſenſit eo anno, cum ſodalem, ne⸗
66 1835 247 1903 loc est
282 1861 1028 1961 ſcio quo caſu interfectum, amiſiſſet.
75 1891 268 1970 Hicmine
351 1940 1246 2052 Non igitur paupertas, ſed ſtudium pietatis
1133 2041 1241 2131 eum
678 71 1038 157 DE VITA
