1424 2332
257 165 884 253 IOAN. POLICARII.
68 231 1052 335 bus. Interim tamen dolendum eſt, quoties uide⸗
64 301 1054 410 mus Eccleſia eiuſmodi Doctoribus orbari, quan=
62 373 1044 483 do experimur hæc organa et uaſa gratiæ oc=
59 446 1035 554 cumbere, hominesq; tantis donis præditos, è con
64 516 1033 624 ſpectu atq; conſuetudine noſtra eripi, Num enim
57 588 649 677 mortui laudabunt Dominum?
133 744 1023 842 Ego igitur, ut me quoq; ob hæc incommoda
46 805 1021 914 angi oſtenderem, aliquid carminis congeßi, in
46 870 1021 979 laudem huius maximi nostri Theologi. Adieci
44 949 1017 1051 quoque Vitam eius, ſicuti eam reperi perſcri=
51 1018 1006 1120 ptam à D. Philippo noſtro, unà cum Actis Vuor
36 1089 1008 1193 matienſibus, non ſine certo ac graui coſilio, quæ
31 1162 1004 1264 omnia, ut ſpero, Eccleſiæ non erunt ingrata. Ea
28 1229 1005 1333 nunc tibi ampliß. et illuſtriß. Princeps aſcribo
25 1303 999 1412 atq; dedico, et obſecro C. T. ut æqui boniq; fa⸗
18 1370 984 1479 ciat. Vt autem hoc libello C. T. compellerem,
12 1443 980 1549 commouit me, primum, ſimilitudo officiorum,
14 1517 992 1620 quæ tu et Lutherus habuiſtis æqualia. Nam ſu=
12 1581 984 1690 ſtinet C. T. quoque, quemadmodum paulo an⸗
1 1653 982 1759 te Lutherus, gubernationem Eccleſiæ, quæ fun=
0 1720 979 1833 ctio profecto eſt ualde difficilis, et plena la=
1 1794 976 1899 boris, ac periculoſißima, his noſtris confuſis ac
0 1865 967 1975 turbulentis temporibus, præſertim ubi improbo
3 1934 961 2043 rum et audacium hominum est infinita licentia.
25 2006 958 2119 Deinde commouit me et hoc, quod ſcieba C. T.
686 2106 745 2180 A
781 2113 817 2189 3
