1424 2332
352 115 1237 194 PRAEFA. IOAN. POLLICAR.
317 212 1286 291 Luthero unice ſemper et amatam et uenera=
316 279 1289 369 tam fuiſſe, ideo uiſus ſum ego mihi bene pieq;
323 349 1289 437 et rem C. T. gratam facere, ſi amicißimi apud
323 426 1290 511 amicißimum nunc quoq; à morte mentionem fa=
326 497 1286 581 cerem. Rogo itaq; illuſtriß. Princeps C. T. ut
326 564 1298 656 hoc ſcriptum magnifacere uelit, propter pia fa
329 638 1300 725 ta Lutheri, cuius negocium hic agitur, in cuius
333 707 1299 800 gratiam ſcio C. T. hoc mihi denegare non poſſe.
331 782 1299 864 Bene uale illuſtriß. Princeps, et Deus opt. max.
413 856 1225 937 C. T. nobis in hoc miniſterio diu ſeruet
465 932 1177 1009 incolumem, Amen. Datum Vuei=
557 994 1062 1090 ſenfelſij, 20. Octobris.
730 1083 951 1153 1547.
589 1204 1010 1295 Tuæ ampli. deditiß.
680 1356 1311 1435 loannes Pollicarius Cygnæus,
764 1423 1306 1511 apud Vueiſenfelſenſes uer
763 1497 1111 1585 bi Dei Minister.
1133 1704 1325 1800 Hiſtoria
305 1727 735 1836 BIBLIOTHEK
330 1820 727 1921 DESBILLONS
309 1914 756 2015 MANNHEIM
