1424 2332
712 67 1037 128 DE VITA
321 126 1285 212 bis regionibus magna, Magdeburgam miſſus eſt,
322 198 1284 283 fuitq; mutua beneuolentia inter hos duos, Luthe
318 269 1284 353 rum et Reineckum ſemper eximia, ſeu ab ali⸗
316 340 1287 426 quo naturæ conſenſu, ſeu ab illa puerilium ſtu⸗
318 418 1284 497 diorum ſocietate orta, Nec tamen diutius anno
317 492 978 570 man ſit Lutherus Magdeburgæ.
388 557 1289 641 Deinde in ſchola Iſennacenſi quadriennio au
318 632 1282 712 diuit Præceptorem rectius et dexterius traden⸗
317 706 1285 785 tem Grammaticen, quam alibi tradebatur: Nam
320 777 1285 857 huius ingenium memini à Luthero laudari. In
320 849 1282 927 cam autem urbem miſſus eſt, quod mater in ijs
322 919 1284 997 locis honeſta et ueteri familia nata fuerat: Hic
316 994 1282 1072 abſoluit Grammaticum ſtudium. Cumq; et uis
320 1064 1285 1146 ingenij acerrima eſſet, et imprimis ad eloquen⸗
321 1133 1281 1212 tiam idonea, celeriter æqualibus ſuis præcurrit,
321 1204 1282 1287 et uerbis et copia ſermonis in loquendo, et in
317 1273 1285 1357 ſcribenda ſoluta oratione, et in Verſibus cæ=
317 1344 1278 1432 teros adoleſcentes, qui una diſcebant, facile
317 1430 453 1500 uicit.
351 1487 1273 1570 Deguſtata igitur literarum dulcedine, natu⸗
312 1563 1273 1649 ra flagrans cupiditate diſcendi, appetit Acade⸗
313 1636 1267 1712 miam, tanquam fontem omnium doctrinarum.
312 1707 1272 1787 Et omnes artes ordine percipere tanta uis inge⸗
310 1776 1252 1861 nij potuiſſet, ſi Doctores idoneos inueniſſet, et
310 1847 1272 1930 fortaßis ad leniendam uehementiam naturæ mi⸗
309 1917 1274 2013 tiora ſtudia ueræ Philoſophiæ, et cura forman⸗
1111 1989 1280 2067 dæ ora=
