1424 2332
353 103 694 168 LVTHERI.
59 152 1035 255 tentiariot. Gabrielem et Cameracenſem pene
59 226 1041 323 ad uerbum memoriter recitare poterat. Diu
59 299 1036 397 multumq; legit ſcripta Occam, huius acumen
66 373 1027 467 anteferebat Thomæ et Scoto. Diligenter et
76 441 1041 536 Gerſonem legerat. Sed omnia Auguſtini monus
79 514 1024 612 menta et ſæpe legerat, et optime meminerat.
167 602 1054 691 Hoc acerrimum ſtudium inchoauit Erphor⸗
85 680 1058 772 diæ, in cuius urbis Collegio Auguſtiniano com⸗
81 764 647 842 moratus eſt annos quatuor.
136 835 1056 925 Eo autem tempore, quia reuerendus uir Stax
97 903 1068 1004 picius, qui exordia Academiæ Vuittebergenſis
94 979 1074 1068 adiuuerat, ſtudium Theologicum in recenti Aca
99 1048 1074 1138 demia excitare cupiebat, cum ingenium et eru
101 1118 1072 1210 ditionem Lutheri conſideraſſet, traducit eum
107 1190 1081 1280 Vuittebergam Anno 1508. cum iam ageret
110 1257 1087 1355 annum uice ſimum ſextum. Hic inter quotidiæ
114 1334 1090 1423 na exercitia Scholæ et concionum, magis etiam
107 1406 1096 1496 lucere eius ingenium cœpit. Cumq; eum atten⸗
117 1470 1096 1566 te audirent uiri ſapientes, Doctor Martinus
126 1536 1100 1634 Mellerſtadius et alij, ſæpe dixit Mellerſtadius,
123 1611 1100 1711 tat am eſſe uim ingenij in hoc uiro, ut plane præ
138 1682 1105 1782 ſagiret mutaturu eſſe uulgare doctrinæ genus,
138 1756 947 1852 quod tunc in ſcholis unicum tradebatur.
169 1887 178 1912 1
212 1829 1116 1926 Hic primum Dialecticen et Phyſicen Ariſto
143 1903 1127 2022 telis enarraxit. Interea tamen ſuum illud ſtudiu
947 1980 1119 2061 legendi
