1424 2332
345 130 688 196 LVTHERI.
41 187 1008 277 dæ orationis profuiſſent, Sed incidit Erphordiæ
51 262 1013 351 in eius ætatis Dialecticen ſatis ſpinoſam, quam
54 330 1019 426 cum ſagacitate ingenij, præceptionum cauſas
64 409 1017 496 et fontes melius quam cæteri perſpiceret, cito
67 496 268 567 arripuit.
145 544 1027 634 Cumq; mens auida doctrinæ, plura et melio
69 623 1027 711 ra requireret, legit ipſe pleraq; ueterum Lati⸗
79 687 1030 778 norum ſcriptorum monumenta, Ciceronis, Vir⸗
82 763 1031 851 gilij, Liuij et aliorum: Hæc legebat, non ut pue
75 830 1035 923 ri, uerba tantum excerpentes, ſed ut humanæ
81 900 1028 991 uitæ doctrinam, aut imagines. Quare et conſi⸗
81 972 1040 1064 lia horum ſcriptorum et ſententias propius a⸗
95 1042 1045 1128 ſpiciebat, et ut erat memoriæ fideli et firma,
97 1108 1048 1204 plæraque ei lecta et audita, in conſpectu et ob
97 1182 1052 1272 oculos erant. Sic igitur in iuuentute eminebat,
98 1252 1057 1343 ut toti Academiæ Lutheri ingenium admiratio⸗
101 1342 290 1417 ni eſſet.
167 1392 1068 1486 Ornatus igitur gradu Magiſterij philoſophi⸗
104 1467 1066 1557 ci, cum natus eſſet annum 20. de conſilio pro⸗
116 1539 1066 1632 pinquorum, quia hanc tantam uim ingenij et fa⸗
111 1607 1072 1698 cundiam iudicabant in lucem et ad Rempub. e⸗
111 1673 1079 1768 ducendam eſſe, in choat iuris ſtudium. Sed breui
119 1750 1079 1842 poſt, cum natus eſſet annum unum et uiceſimum,
119 1816 1083 1913 ſubito præter parentum et propinquorum opi⸗
120 1892 1085 1983 nionem, uenit ad Collegium Monachorum Au⸗
124 1957 1087 2075 guſtinianorum Erphordiæ, ſeq; recipi petit. Ra
927 2041 1087 2106 ceptus,
