2602 3598
788 675 1468 751 Lieber Herr Professor!
724 821 2454 915 Über Ihren lieben Brief und den Entschluß uns über Pfing-
642 905 2398 995 sten zu besuchen haben wir uns sehr gefreut. In Radolfzell
640 985 2428 1069 haben Sie unmittelbar mit dem Postauto nach Hemmenhofen An-
642 1075 2446 1153 schluß. Das Auto steht am Ausgang des Radolfzeller Bahnhofs,
642 1151 2456 1229 sodaß Sie sofort einsteigen können; denn wenige Minuten nach
640 1223 2394 1297 Ankunft Ihres Zuges fährt das Auto auf die "Höri" (so be-
644 1305 2484 1379 zeichnet, weil Gott, als er die Welt erschuf und diesen Erden-
638 1391 2480 1471 fleck sah, sagte: "jetz hör'i"). Ich werde Sie dann in Hemmen-
638 1461 2426 1545 hofen an der Haltestelle abholen. Ich freue mich riesig auf
636 1543 2362 1629 unsere Gespräche und unsere gemeinsamen Spaziergänge bzw.
636 1621 2426 1713 kleinen Ausflüge, sowie auf die Ausspannung nach der langen
640 1709 2422 1787 und intensiven Anspannung. Wir werden dann eine sehr schöne
636 1779 2482 1868 Gratwanderung auf den Schinerbeng (Schrotzburg mit dem Blick
636 1862 2426 1942 ins Hegau und den Bodensee), eine Uferwanderung nach Wangen
636 1940 2422 2026 am Untersee und nach Iznang am Zellersee, sowie eine kleine
630 2002 2448 2107 Dampferfahrt auf die Reichenau machen. Hoffentlich haben wir
636 2088 2454 2174 schöneres Wetter als das letztemal, als Sie hier waren. Auch
636 2170 2504 2260 unseren Badestrand werden wir besuchen und baden. - Meine Frau
640 2250 1910 2334 wird Ihnen diesmal auch manches vorsingen.
714 2323 2541 2425 Bis dahin werde ich noch tüchtig arbeiten. Ich fange eben an
634 2406 2486 2496 den Vortrag über das Teil-Ganze -Problem wesentlich zu erwei-
636 2488 2508 2568 tern und auszugestalten. Damit überschreite ich schon die Sei-
636 2568 2504 2654 tenzahl 4oo. Über den Fortschritt an Ihren Arbeiten Näheres zu
634 2646 1498 2738 hören bin ich sehr gespannt.
750 2719 2523 2824 Mit den herzlichsten Grüßen bis zum frohen Wiedersehen, auf
632 2804 1736 2902 das wir uns herzlich freuen, bin ich
1284 2878 1671 2986 Ihr getreuer
1356 327 2262 433 Hemmenhofen, den 17. Mai 1938.
