1444 2432
326 162 1151 249 4 La Morale de Confucius,
323 235 1297 321 Prince avoit été un Prince d'une pru-
323 297 1297 386 dence extraordinaire. Mais quand
325 364 1296 448 nous n'aurions pas cet aveu, la Gé-
327 428 1297 513 néalogie de ce Roi eſt ſi exacte, ſi cir-
325 491 1299 578 conſtanciée, & ſi bien ſuivie dans les
331 556 1297 640 Tables Chronologiques des Chinois,
327 626 1299 714 qu'il n'eſt pas poſſible de s'imaginer
327 694 1300 776 que ce ne ſoit là qu'un jeu d'eſprit:
327 751 1303 843 ſi bien qu'il y auroit auſſi peu de raiſon
331 818 1300 902 de nier, ou de douter même que Fohi
332 884 1303 970 ait jamais été, que de ſoûtenir que
332 945 1303 1033 Saturne, Jupiter, Hercule & Romulus
332 1014 1308 1103 ne ſont que des noms, ſous ombre
336 1079 1304 1167 que les Poëtes & même les Hiſtoriens
336 1140 1308 1228 les plus graves, ont mêlé l'hiſtoire de
339 1210 1304 1294 leur naiſſance de mille fables imperti-
340 1293 535 1361 nentes.
404 1338 1312 1428 Cependant ces mêmes Annales qui
347 1401 1314 1491 content tant de fables à l'occaſion de
350 1467 1314 1556 la naiſſance de Fohi, ne diſent rien de
350 1533 1314 1621 ſes Prédeceſſeurs, & ne parlent que
352 1601 1318 1679 fort imparfaitement de ſa Patrie; ce
358 1661 1316 1751 qui fait ſoupçonner d'abord qu'il n'é-
358 1720 1310 1821 toit pas né dans la Chine, & qu'il y
361 1798 1322 1875 étoit venu d'ailleurs. Elles marquent
362 1859 1320 1942 ſeulement qu'il nâquit dans une Pro-
366 1928 1325 2010 vince appellée Kenſi, où effectivement
366 1986 1318 2084 il devoit neceſſairement aborder, ſup-
