1448 2432
363 162 1107 241 Philoſophe Chinois. 5
136 232 1103 310 poſé qu'il ſoit venu d'ailleurs dans la
137 301 1101 367 Chine: Car aprés la confuſion des
137 366 1100 439 Langues, & la diſperſion des peuples,
136 431 1100 501 il dût venir du côté de la Meſopo-
137 497 1096 564 tamie, ou du territoire de Sennaar,
137 558 1103 632 aborder à Kenſi, & parvenir enſuite au
137 621 1104 697 cœur du païs, ſçavoir dans la Province
139 686 1104 762 de Honan, où l'on trouve écrit qu'il
141 747 552 825 établit ſa Cour.
210 814 1103 898 Quoiqu'on ne puiſſe pas ſçavoir
141 884 1104 955 préciſément en quel tems Fohi jetta
140 948 1104 1014 les premiers fondemens de ſon Em-
141 1016 1101 1093 pire, il y a pourtant beaucoup d'appa-
140 1079 1103 1155 rence que ce ne fut pas long-tems
141 1141 1103 1216 aprés le Déluge. Car en effet, ſi l'on
139 1209 1100 1280 ſuit même à la rigueur les ſupputations
140 1271 1099 1344 des Chinois, & la Chronologie des 70.
139 1340 1100 1409 ce ne fut qu'environ 200. ans aprés,
140 1403 1103 1471 dans un tems auquel Noé vivoit en-
141 1468 1097 1537 core. De ſorte que nous croirions vo-
137 1529 1101 1602 lontiers qu'il eſt deſcendu de ce Pa-
137 1597 1099 1671 triarche par Sem, qui, ſelon le ſenti-
140 1661 1099 1732 ment de tout le monde, eut l'Aſie pour
137 1728 1099 1790 ſon partage. Et ce qui acheve de nous
136 1790 1100 1861 confirmer dans nôtre penſée, c'eſt que
139 1853 1099 1925 dans la langue des Chinois, Sem, qui
137 1919 1097 1994 ſignifie engendrer & produire, ſignifie
135 1983 1093 2061 auſſi la vie & une victime. En effet,
799 2049 892 2132 A 3
