1444 2432
306 194 1273 287 plus conſiderables que le leur. II
301 268 1269 363 eſt viſible, qu'à moins que ce
296 345 1265 448 Seigneur n'eut perdu l'eſprit, il
292 426 1261 521 ne pouvoit s'imaginer ce que
290 494 1262 598 le premier ſens ſignifie: & pour
285 568 1260 674 le ſecond, qui eſt le figuré, il
282 644 1258 749 eſt tres-vrai; ce Seigneur avoit
275 717 1259 828 raiſon de ſi regarder comme élevé
277 792 1255 901 ſur ſes vaſſaux, il étoit en droit
274 876 1252 970 de prendre des tîtres qui mar-
275 951 1252 1047 quaſſent ſon autorité & ſa puiſ-
263 1017 1245 1128 ſance, & il ne faiſoit que ce
278 1106 1243 1201 qu'ont fait, de tout tems, ceux
274 1182 1239 1275 que Dieu a établis pour com-
262 1260 1253 1340 mander aux autres. Dieu lui-
258 1334 1237 1429 même, dans ſes Ecritures, les ap-
266 1409 1233 1506 pelle Dieux, qui eſt bien plus que
256 1488 1231 1576 Hauts & Puiſſans Seigneurs. Ain-
256 1561 1229 1656 ſi, ces autres paroles, cet epithete
252 1640 1230 1725 de haut ſi peu convenable à la
251 1713 1224 1809 baſſeße des hommes, ne ſont pas
255 1790 1222 1879 plus ſenſées que les préceden-
255 1875 367 1936 tes.
324 1937 1212 2041 Ces endroits, qu'on vient de
