1444 2432
317 241 1283 328 cun qu'il outre. Il pouſſe bien
309 320 1284 399 ſa morale; mais il ne la pouſſe
313 395 1285 483 pas plus loin qu'il ne faut: ſon
312 471 1284 560 jugement lui faiſant connoitre
308 541 1275 634 toûjours juſqu'où il faut aller,
308 625 989 702 & où il faut s'arrêter.
358 701 1285 782 En quoi il a un avantage tres-
308 768 1295 857 conſiderable, non ſeulement ſur
310 849 1293 932 un grand nombre d'Ecrivains du
310 925 1292 1007 Paganiſme, qui ont traité de
313 999 1295 1074 ſemblables matiéres, mais auſſi
314 1074 1283 1161 ſur pluſieurs Auteurs Chrétiens,
322 1147 1304 1230 qui ont tant de penſées fauſſes,
320 1230 1297 1309 ou trop ſubtiles; qui outrent les
321 1307 1302 1387 devoirs preſque par tout; qui
324 1379 1303 1459 s'abandonnent à la fougue de
325 1459 1304 1536 leur imagination, ou à leur mau-
332 1524 1304 1609 vaiſe humeur; qui s'éloignent
335 1609 1307 1690 preſque toûjours de ce juſte mi-
339 1679 1307 1761 lieu où la vertu doit être pla-
340 1755 1315 1840 cée; qui la rendent, par les faux
347 1828 1311 1917 portraits qu'ils en font, impoſ-
344 1911 1308 1992 ſible à pratiquer, & qui par con-
346 1983 1311 2075 ſequent ne rendent pas beau-
