1444 2432
329 186 1297 276 ſée, dont il s'agit, ſeroit vraie
324 268 1297 353 en quelque rencontre, elle ne
328 340 1302 431 peut l'être dans l'étenduë qu'on
324 414 1299 502 lui donne. Il n'y a donc rien de
321 489 1299 580 ſi mal penſé que ce que dit celui
324 571 1295 655 qui a compoſé le premier traité
321 636 1296 735 des Eſſais de morale, & dont
321 718 1220 807 l'on vient de voir les paroles.
394 794 1302 880 Ce que l'Auteur de ces Eſſais
302 869 1302 964 ajoute d'abord, & que celui qui
312 944 1295 1039 a compoſé les beaux Dialogues
313 1024 1297 1110 dont on vient de faire mention,
310 1096 1295 1193 n'a pas voulu prendre la peine de
313 1176 1292 1261 relever, eſt à peu prés de ce ca-
312 1251 1292 1338 ractere; c'eſt même quelque
310 1325 1291 1414 choſe de pis, on n'a qu'à y faire
317 1402 1300 1491 tant ſoit peu attention. „Je m'i-
316 1481 1295 1566 „magine, dit-il, que celui qui
316 1550 1285 1641 „s'eſt le premier apellé, Haut &
312 1629 1291 1720 „Puiſſant Seigneur, ſe regardoit
316 1700 1295 1779 „comme élevé ſur la tête de ſes
318 1775 1291 1868 „vaſſaux, & que c'eſt ce qu'il a
328 1856 1287 1943 „voulu dire par cette épithete
324 1929 1291 2028 „de haut, ſi peu convenable à
