1444 2432
316 125 1162 214 6 La Morale de Confucius,
315 199 1295 274 c'eſt des enfans de Noé que tous les
312 266 1291 344 hommes, aprés le Déluge, ſont deſcen-
313 335 1291 405 dus, ont reçû la vie, & ont apris à
306 394 1297 470 offrir des victimes à la Divinité. A
317 464 1296 537 quoi l'ou peut ajoûter que Fohi eſt
313 528 1293 602 apellé par les Chinois Paohi, qui ſigni-
316 591 1299 666 fie auſſi une victime; parce que ce fut
315 659 1297 730 le premier des deſcendans de Sem qui
316 722 1295 797 introduiſit parmi eux le ſervice de Dieu
317 787 908 859 & l'uſage des Sacriſices.
383 855 1293 929 Que ſi l'on ne veut pas s'en tenir
317 921 1295 991 aux ſuputations dont nous venons de
317 982 1293 1057 parler, retranchons, ſi l'on veut, les
313 1047 1297 1125 ſix premiers Empereurs, dont l'hiſtoire
317 1114 1299 1191 pourroit n'être pas vraie en tout, &
312 1180 1292 1251 commençons à conter ſeulement de-
319 1238 1291 1325 puis le ſeptiéme, ſçavoir depuis l'Em-
320 1307 1292 1388 pereur Tao. Car depuis le régne de
313 1374 1293 1452 cet Empereur, tant de gens ont conté
317 1438 1296 1514 & écrit par Cycles tout ce qui s'eſt
319 1501 1297 1579 paſſé dans ce Roiaume, & ils l'ont fait
319 1567 1291 1644 avec tant d'exactitude, & une ſi géné-
319 1637 1296 1709 rale uniformité, qu'on ne peut non
319 1696 1296 1774 plus douter de l'exactitude de leur
317 1763 1293 1842 calcul, que de celle des Olympiades
320 1833 1293 1906 des Grecs. Or on trouvera encore,
319 1894 1299 1972 ſelon cette ſuputation, que l'origine
321 1959 1300 2044 de la nation Chinoiſe n'eſt pas fort
