1444 2432
287 236 1270 321 nous aions effectivement de
285 301 1269 399 l'amitié pour toutes ſortes de
297 387 1265 475 gens. Il y a certaines gens ſi ha-
287 455 1262 551 iſſables, qu'il eſt abſolument im-
293 539 1265 633 poſſible de les aimer: car aprés
287 622 1260 706 tout, on ne peut aimer que le
282 695 1258 782 bien; on ne peut qu'avoir de l'a-
285 768 1258 857 verſion, pour ce qui paroît ex-
275 844 1256 933 trêmement mauvais & plein de
278 918 1254 1006 défauts. Tout ce que la charité
275 991 1247 1082 oblige de faire, en ces ſortes de
271 1075 1247 1155 rencontres, c'eſt de rendre office
267 1147 1241 1236 à une perſonne, lorſqu'on le peut,
270 1226 1245 1302 comme ſi on l'aimoit, nonobſtant
267 1299 1242 1384 les vices, la malice & les grands
269 1375 1231 1459 défauts qu'on remarque en elle.
292 1448 1227 1538 Puiſque l'occaſion s'en preſente,
263 1532 1238 1614 on remarquera, qu'ordinairement
260 1606 1230 1684 on outre le devoir de l'amour
259 1676 1229 1763 des ennemis, que Jeſus-Chriſt
254 1755 1227 1838 recommande tant dans ſon E-
258 1829 1223 1913 vangile. Ce devoir eſt aſſez dif-
251 1906 1223 1992 ficile à remplir dans ſa juſte é-
252 1986 1220 2082 tenduë, ſans qu'on le rende en-
