1448 2432
352 172 1115 255 Philoſophe Chinois. 3
129 237 1107 316 ruption durant pluſieurs ſiecles. Cet
135 317 1109 385 Auteur ajoûte pourtant, qu'il ne ga-
132 376 1104 448 rantit pas ce qu'il dit, & convient enfin
129 443 1095 514 que le plus ſûr eſt de commencer par
128 503 1101 580 Fohi, & de ſuivre en cela les Hiſtoriens
128 570 584 637 les plus celebres.
196 630 1103 709 Ce n'eſt pas que dans la vie de Fohi
123 698 1099 770 on n'ait inſeré une infinité de fables
128 766 1099 843 qui pourroient faire douter d'abord ſi
119 818 1097 905 cet Empereur a jamais été. Car outre
121 887 1089 972 qu'on lit dans les grandes Annales,
119 948 1093 1041 que la mere de Fohi aiant mis les piés
124 1022 1093 1102 par hazard dans un endroit où un Geant
118 1084 1091 1166 avoit paſſé, elle fut tout à coup envi-
114 1153 1087 1228 ronnée d'un Arc-en Ciel, & que ce
111 1211 1084 1299 fut dans ce moment-là qu'elle ſe
114 1284 1087 1357 trouva enceinte du fondateur de la
113 1345 1084 1426 Monarchie Chinoiſe. On y voit en-
112 1410 1081 1490 core que ce Fondateur avoit la tête
113 1474 1078 1559 d'un homme, & le corps d'un ſerpent.
108 1537 1085 1621 Il eſt vrai que comme ces fables ſont
111 1599 1072 1688 groſſieres, la plûpart des Chinois s'en
109 1674 1077 1752 moquent. Ils diſent que ce qui a donné
110 1736 1078 1813 lieu à cette tradition ridicule, a été
110 1801 1076 1883 la couleur du corps de Fohi, qui étoit
112 1864 1070 1949 marqué de pluſieurs taches; ou plutôt,
114 1923 1072 2017 que ç'a êté un Hieroglife, par lequel
109 2002 1066 2083 on avoit voulu repreſenter que ce
728 2079 843 2142 A 2
