1448 2432
139 218 888 298 coup de gens vertueux.
202 282 1120 364 L'Auteur de la maniere de bien
136 363 1111 449 penſer dans les ouvrages d'eſprit,
137 441 1120 520 qui joint toûjours à un ſtile ex-
136 514 1127 586 trêmement éxact & poli, un
140 585 1138 671 diſcernement exquis, remarque
140 660 1131 745 fort bien qu'il y a du faux & du
144 733 1127 820 foible dans ces paroles d'un Ecri-
146 816 1123 897 vain de ce tems; „Chacun tâ-
143 877 1127 978 „che d'occuper le plus de place
148 952 1125 1059 „qu'il peut dans ſon imagina-
150 1039 1125 1130 „tion, & l'on ne ſe pouſſe & ne
154 1108 1127 1209 „s'agrandit dans le monde, que
152 1183 1129 1286 „pour augmenter l'idée que cha-
154 1254 1127 1355 „cun ſe forme de ſoi-même.
152 1325 1129 1434 „Voilà le but de tous les deſ-
152 1408 1125 1505 „ſeins ambitieux des hommes.
148 1487 1131 1586 „Alexandre & Ceſar n'ont point
143 1564 1129 1657 „eû d'autre vûe dans toutes
152 1637 1058 1726 „leurs batailles, que celle-là.
189 1722 1111 1799 En effet, Alexandre & Ceſar,
154 1801 1118 1878 dans leurs batailles, peuvent n'a-
158 1879 1119 1959 voir pas ſongé à leur image inté-
152 1957 1112 2044 rieure; & quand même la pen-
809 2044 902 2113 * 3
