1448 2432
181 340 1016 440 AVERTISSEMENT.
105 508 1066 608 LE Libraire a trouvé bon pour
239 587 1074 680 la commodité du Public, de
109 674 1084 755 joindre à cette Lettre la Morale de
109 753 1084 832 Confucius, nouvellement imprimée
105 820 1082 912 à Amſterdam. Il eſt facile de juger
106 902 1081 983 que ces deux Pieces ne ſont pas de
106 979 1080 1053 la même main, & que leurs Auteurs
106 1052 1080 1133 ne ſe ſont point conſultez entr'eux:
105 1125 1080 1210 de ſorte que s'ils ſe ſont rencon-
106 1206 1082 1282 trez en quelque trait, ce n'eſt que
110 1274 1088 1359 par hazard. Le Livre de Confu-
110 1353 1082 1430 cius contient tant de belles choſes,
112 1424 1081 1510 qu'il en eſt comme d'un Jardin où
109 1501 1085 1584 chacun peut cueillir des fleurs à ſon
128 1578 1084 1663 gré. Et ſi on s'aviſoit de diſputer
112 1656 1081 1734 pour ſcavoir ſi la Roſe vaut mieux
112 1733 1081 1810 que l'Oeillet, on ſeroit peut-eſtre
117 1805 1082 1884 aſſez embaraſſé à décider cette
114 1883 1084 1959 queſtion. On ne doit pas demander
117 1959 1076 2044 d'une Lettre tout ce que l'on pour-
