1448 2432
202 206 934 293 la baſſeſſe des hommes.
212 265 1119 374 Que ſignifie tout ceci! Ou
152 346 1117 456 plutôt, comment oſe-t-on avan-
152 425 1113 526 cer, d'un air ſerieux & grave,
154 500 1125 603 des choſes de cette nature?
158 573 1121 689 Qu'entend-on par ces paroles,
154 646 1133 770 je m'imagine que celui qui s'eſt le
158 723 1137 839 premier appellé, haut & puiſſant
163 803 1141 907 Seigneur, ſe regardoit comme éle-
167 876 1143 983 vé ſur la tête de ſes vaſſaux? Ces
167 957 1145 1060 paroles ne peuvent avoir que
170 1025 1141 1130 deux ſens; l'un eſt le propre,
173 1109 1150 1205 l'autre le figuré. Le ſens propre
177 1184 1154 1286 eſt, que ce Seigneur s'imaginoit
181 1260 1155 1357 que ſes pieds étoient ſur la tête
181 1332 1162 1429 de ſes vaſſaux, qu'il marchoit
179 1413 1165 1507 ſur leur tête effectivement, ou
185 1486 1161 1588 plus haut encore, & que pour
183 1564 1165 1657 les voir & leur commander, il
186 1636 1168 1737 falloit qu'il regardât en bas. Le
186 1718 1168 1811 ſens figuré eſt que ce Seigneur
187 1790 1165 1884 ſe croioit élevé en autorité ſur
190 1868 1164 1961 ſes vaſſaux, & que ſon rang &
190 1941 1168 2061 ſon pouvoir étoient beaucoup
831 2040 951 2142 * 4
