1448 2432
83 200 1054 293 core plus difficile, ou plutôt
83 275 1060 372 impoſſible à pratiquer, & ca-
91 351 1061 443 pable de jetter dans le deſeſ-
90 428 1062 517 poir, ou de faire tomber dans
89 509 1065 590 un entier relâchement. La plû-
93 587 1064 668 part de ceux qui expliquent ce
93 664 1066 743 devoir parlent comme ſi nous
94 735 1069 816 étions obligez d'avoir dans le
95 816 1072 891 cœur une amitié tendre pour
98 891 1069 968 tous nos ennemis, quelques mé-
97 963 1074 1043 chans & abominables qu'ils
100 1039 1080 1116 ſoient. Ce n'eſt pourtant point
106 1111 1078 1194 cela preciſément que le Fils de
102 1194 1080 1270 Dieu demande de nous, parce
113 1261 1082 1343 qu'il ne demande point des choſes
113 1340 1085 1421 abſolument impoſſibles. Son but
116 1420 1084 1492 eſt de nous porter à agir envers
120 1498 1085 1569 tous nos ennemis, quels qu'ils
118 1569 1085 1636 ſoient; comme l'on fait envers
123 1644 1077 1718 ceux que l'on aime. En effet,
128 1715 1082 1798 l'Ecriture, en pluſieurs endroits,
132 1794 1089 1868 par aimer entend preciſément
131 1872 1088 1949 faire du bien, à peu prés comme
128 1940 1092 2034 l'on en fait à ceux pour qui l'on
