1444 2432
329 224 1296 304 tion & de l'idolâtrie, qui com-
328 299 1302 383 mençoit à faire du ravage. Mais
329 379 1296 455 enfin lorſqu'on eut apporté des
332 447 1300 530 Indes l'Idole de Foe, c'eſt-à-dire
329 526 1295 610 ſoixante-cinq ans aprés Jeſus-
332 598 1302 683 Chriſt, ce torrent ſe déborda ſi
329 682 1303 763 fort, qu'il fit un ravage, dont
329 759 1302 836 les triſtes effors ſe voient encore
331 837 696 916 aujourd'hui.
408 899 1302 987 Il auroit été à ſouhaiter qu'il
329 983 1302 1060 ſe fut élevé de tems en tems
329 1056 1304 1136 des Confucius: les choſes n'en
328 1137 1304 1216 ſeroient pas au point où elles
328 1207 1304 1288 ſont dans la Chine. Ce grand
328 1286 1302 1365 homme inſtruiſoit auſſi bien par
329 1363 1300 1442 ſes mœurs & par ſon éxemple
329 1438 1302 1526 que par ſes préceptes: & ſes pré-
329 1510 1302 1598 ceptes étoient ſi juſtes, ſi néceſ-
332 1584 1304 1678 ſaires & propoſez avee tant de
336 1668 1304 1752 gravité, & en même tems avec
335 1742 1302 1826 tant d'adreſſe qu'ils ne pouvoient
335 1815 1303 1903 que s'inſinuer aiſément dans les
336 1891 1303 1987 cœurs, & y produire de grands
