1448 2432
137 208 1097 310 voir, ne ſont pas les ſeuls de
133 291 1096 383 ce caractere qui ſe trouvent dans
132 366 1101 459 les Eſſais de morale. Il y en a
131 429 1097 528 une infinité d'autres ſemblables.
136 513 1097 614 Et, pour ne pas ſortir du pre-
132 594 1099 689 mier traité, en conſcience ceux-
135 672 782 757 ci ſont ils ſolides?
198 812 1101 924 „Quand les hommes y au-
152 883 1107 995 „roient fait de grands pro-
150 958 1109 1080 „grez, (l'Auteur parle de la Sci-
146 1035 1113 1153 „ence des choſes) ils ne s'en
146 1110 1111 1220 „devroient guere plus eſtimer;
150 1189 1107 1303 „puis que ces connoiſſances ſte-
154 1256 1113 1382 „riles ſont ſi peu capables de
154 1335 1117 1447 „leur apporter quelque fruit &
156 1416 1105 1524 „quelque contentement ſolide,
154 1495 1117 1601 „qu'on eſt tout auſſi heureux
158 1568 1113 1684 „en y renonçant d'abord, qu'en
162 1643 1111 1757 „les portant par de longs tra-
154 1714 1113 1828 „vaux, au plus haut point où
148 1799 902 1913 „l'on puiſſe les porter.
206 1963 523 2063 (a) Chap. 7.
