1444 2432
397 194 1302 279 Au reſte par tout ce que nous
328 267 1306 346 avons dit juſques ici, on peut
336 347 1307 429 juger combien le public eſt re-
332 421 1310 494 devable aux P. P. Intorcetta &
333 501 1308 580 Couplet, Jeſuïtes qui ont traduit,
331 574 1310 651 de Chinois en latin, les trois
332 648 1311 722 livres de Confucius, dont nous
332 728 1308 803 avons tiré cette piece de morale
338 807 1308 882 qu'on voit paroître. Nous avons
332 876 1315 955 choiſi les choſes les plus im-
335 951 1310 1036 portantes, & en avons laiſſé plu-
329 1030 1315 1113 ſieurs qui, quoique bonnes en
331 1103 1314 1183 elles mêmes, & conformes ſur
332 1184 1314 1263 tout au genie des perſonnes pour
333 1264 1311 1334 qui elles ont été dites & écrites,
331 1333 1307 1415 auroient ſemblé, peut-être, trop
332 1409 1316 1491 vulgaires & de conſideration dans
328 1488 1319 1563 nôtre Europe. Et comme dans
328 1559 1322 1641 l'Ouvrage des P. P. Intorcetta &
333 1637 1319 1717 Couplet, outre la morale de
333 1706 1312 1795 Confucius, il eſt parlé de l'Ori-
338 1788 1322 1869 gine de la nation Chinoiſe, &
336 1868 1320 1945 des livres les plus anciens qu'ait
332 1943 1304 2038 cette nation, & qui ont paru,
