1448 2432
206 244 984 333 AVERTISSEMENT.
115 403 1080 490 LOuvrage qu'on donne au
267 482 1072 565 public, & où eſt contenuë,
116 559 1084 639 en abregé, toute la Morale de
114 629 1076 716 Confucius Philoſophe Chinois,
113 707 1084 791 eſt aſſez petit, ſi l'on regarde
116 786 1082 867 le nombre des pages qui le com-
117 860 1072 943 poſent; mais il eſt fort grand,
109 934 1078 1016 ſans doute, ſi l'on conſidere
110 1013 1072 1099 l'importance des choſes qui y
110 1084 635 1161 ſont renfermées.
171 1157 1076 1245 On peut dire que la Morale
110 1232 1076 1321 de ce Philoſophe eſt infiniment
108 1311 1070 1397 ſublime, mais qu'elle eſt en mê-
105 1390 1072 1474 me tems ſimple, ſenſible & pui-
105 1463 1069 1547 ſée dans les plus pures ſources
105 1537 1069 1618 de la raiſon naturelle. Aſſure-
104 1617 1068 1698 ment, jamais la raiſon deſtituée
106 1691 1068 1771 des lumieres de la revélation di-
104 1768 1069 1853 vine n'a paru ſi developée, ni
106 1845 1065 1923 avec tant de force. Comme il
106 1923 1064 2000 n'y a aucun devoir dont Confu-
105 1992 1060 2097 cius ne parle, il n'y en a au-
726 2071 859 2156 * 2
