1448 2432
162 209 1130 306 giens, qui croient qu'une des
158 282 1132 376 choſes qui feront la felicité des
158 359 1135 451 Saints dans le Ciel, ſera une
162 432 1135 532 grande connoiſſance d'une infi-
159 509 1141 602 nité de veritez qui nous ſont
162 589 1143 680 inconnuës, ou peu connuës, ſur
162 667 1147 756 la Terre? eſt-ce que parce que
163 739 1139 834 nôtre eſprit ne peut bien pen-
164 810 1147 910 ſer, tout à la fois, qu'à un ſeul
170 897 1146 984 objet, il s'en ſuit de là, que
170 966 1141 1056 tout le ſçavoir d'un habile hom-
170 1045 1154 1132 me eſt borné à ce ſeul objet,
179 1124 1153 1213 qu'il ne ſçait autre choſe; qu'on
182 1195 1155 1283 peut dire d'un ton de Maître:
179 1270 1158 1360 Voilà donc noſtre ſcience reduite à
181 1351 1158 1434 un ſeul objet? Enfin, eſt-ce une
185 1424 1153 1506 baſſeſſe à un cavalier, à un hom-
185 1498 1168 1587 me de Cour, de croire qu'il ſera
190 1571 1169 1667 plus digne d'eſtime, s'il fait bien
185 1657 1162 1740 ce qui convient à ſon rang, ſi,
190 1728 1172 1809 entre autres choſes, il eſt vêtu
196 1803 1165 1891 proprement, s'il eſt bien à che-
198 1882 1168 1965 val, s'il marche de bonne grace?
194 1955 1173 2052 Et ne ſeroit-il pas effectivement
