1444 2432
336 154 1142 233 2 La Morale de Confucius,
396 224 1299 302 Ceux qui ont écrit les Annales de
328 285 1304 364 la Chine, demeurent preſque tons
329 355 1302 432 d'accord que Fohi qui commença à
328 413 1302 504 régner 2952. ans avant la naiſſance de
331 478 1304 567 Jeſus-Chriſt, a été le fondateur de
329 552 1304 633 cette Monarchie. Les Chinois qui
329 616 1302 694 ont interpreté ces Annales, ne font pas
329 674 1303 763 difficulté d'avoüer que tout ce qui eſt
332 743 1303 822 dit de la Chine, avant le régne de cet
332 802 1304 886 Empereur, eſt fabuleux & ſuſpect de
333 868 1304 961 menſonge; & l'un de leurs plus cele-
336 937 1300 1024 bres Hiſtoriens, appellé Taiſucum,
335 1010 1306 1091 avouë même qu'il ignore tout ce qui
338 1070 1302 1157 s'eſt paſſé avant le régne de Xinnum,
339 1133 1300 1220 qui a été le Succeſſeur de Fohi. Il n'y
338 1201 1308 1283 a que certaines Annales que les Chi-
339 1263 1314 1352 nois appellent les grandes Annales, où
339 1326 1314 1409 on lit la choſe autrement. L'Auteur de
342 1402 1308 1484 cette prodigieuſe Chronique, qui con-
342 1461 1310 1550 tient preſque cent cinquante volumes,
344 1525 1311 1617 rapporte qu'aprés la Création du Mon-
348 1591 1318 1675 de, il y eut trois Empereurs; l'un du
352 1655 1316 1740 Ciel, l'autre de la terre, & le troiſiéme
351 1721 1319 1805 des hommes: que les Deſcendans de
350 1788 1318 1871 ce dernier ſe ſuccederent les uns aux
352 1855 1318 1938 autres pendant plus de quarante-neuf
355 1919 1315 2006 mille ans: aprés quoi trente-cinq fa-
355 1986 1316 2082 milles lmpériales régnérent ſans inter-
