1444 2432
400 259 1360 340 roit attendre d'un Livre; & l'on
396 332 1361 417 ne doit pas attendre d'un Livre la
398 414 1356 497 préciſion & la bréveté que l'on pour-
393 489 1360 568 roit demander d'une Lettre. Au
401 555 1360 648 reſte, il ſeroit à ſouhaiter que l'on
397 643 1357 722 pût réünir ici les Extraits que l'on
397 699 1358 800 a fait de ce Philoſophe, dans tous
390 786 1357 876 les Journaux de l'Europe, la lecture
398 870 1346 951 n'en ſeroit pas ingrate, & l'on y
389 943 1360 1033 trouveroit aſſez de diverſitez pour
392 1028 915 1105 ne point s'ennuier.
973 2025 1338 2122 LA MORALE
