1448 2432
148 206 1121 297 pluſieurs ſiecles avant celui de
148 283 1113 364 Confucius, nous avons traduit,
148 363 1122 447 ſur ce ſujet, ce qui eſt le plus
146 436 832 522 néceſſaire de ſçavoir.
209 514 1123 597 Il eſt bon de dire ici, pour la
147 590 1120 670 ſatisfaction des Lecteurs, que
146 667 1120 748 les Chinois, depuis le commen-
148 747 1120 828 cement de leur origine juſques
147 822 1120 899 au tems de Confucius, n'ont
152 894 1119 980 point été Idolâtres, qu'ils n'ont
148 975 1108 1053 eû ni faux Dieux, ni ſtatuës,
151 1045 1116 1129 qu'ils n'ont adoré que le Créa-
148 1122 1116 1201 teur de l'Univers, qu'ils ont toû-
154 1199 1120 1283 jours apellé Xam-ti, & auquel
147 1276 1118 1356 leur troiſiéme Empereur, nom-
146 1352 1107 1430 mé Hoam-ti, bâtit un Temple,
148 1430 1115 1506 qui aparemment a été le premier
154 1505 1116 1579 qu'on ait bâti à Dieu. Le nom
146 1584 1117 1663 de Xam-ti, qu'ils donnoient à
147 1655 1107 1734 Dieu, ſignifie, ſouverain Maitre,
146 1730 1115 1811 ou Empereur. On remarque qu'il
158 1805 1116 1884 y a bien eû des Empereurs de la
148 1882 1116 1961 Chine, qui ont pris aſſez ſouvent
146 1951 1115 2057 le ſurnom de Ti, qui veut dire
