1448 2432
137 204 1111 276 d'autres ſemblables monſtres;
137 278 1122 363 quoiqu'il ait fait le ver ſon ſoleil
136 362 1119 436 ſur eux, & qu'il leur ait envoié
136 436 1111 514 ſa pluïe. Mais il a agi envers eux,
136 513 1120 586 comme s'il les aimoit: & c'eſt
137 583 1119 666 de la ſorte que nous en devons
137 657 1123 740 uſer envers nos ennemis. Ce n'eſt
140 736 1119 814 pas que nous ne devions faire
136 810 1115 893 ſincérement, tout ce qui eſt poſ-
137 884 1119 964 ſible pour avoir même dans le
139 963 1115 1040 cœur des ſentimens d'amitié pour
139 1040 1120 1121 eux: mais il y a certaines gens ſi
137 1109 1115 1190 méchans, ſi déreglez, ſi abomi-
137 1190 1116 1268 nables, pour qui il eſt impoſſible
137 1267 1115 1340 d'avoir ces ſentimens. Et c'eſt
141 1343 1112 1420 pour cela que la charité eſt en-
136 1415 1108 1502 core plus grande, plus genereuſe,
137 1491 1111 1574 & plus digne de loüange, lors
143 1572 1114 1644 que, nonobſtant cette averſion
139 1651 1114 1721 qu'on ne peut pas s'empêcher
133 1722 1104 1796 d'avoir pour certaines perſonnes,
136 1787 1114 1867 l'on ne laiſſe pas de leur faire du
136 1865 1112 1951 bien dans l'occaſion, dans la
137 1941 789 2036 veuë d'obeïr à Dieu.
811 2012 914 2101 **
