1448 2432
132 243 1099 343 bation. Il n'y a rien de faux dans
133 318 1100 410 ſes raiſonnemens, rien d'extrê-
133 394 1108 493 me, nulle de ces ſubtilitez épou-
140 472 1111 564 ventables, qu'on voit dans les
137 539 1109 632 traittez de morale de la plûpart
143 617 1105 721 des Metaphiſiciens d'aujourdhuy
158 693 1117 794 (a) c'eſt à dire, dans les traitez
150 771 1114 868 où la ſimplicité, la clarté, l'evi-
154 852 1120 943 dence devroient regner par tout
156 914 1121 1019 & ſe faire ſentir aux eſprits les
167 1007 586 1094 plus groſſiers.
193 1079 1130 1167 On trouvera, peut-être, un peu
166 1155 1130 1241 relachée cette maxime, où Con-
166 1236 1134 1320 fucius dit qu'il y a certaines per-
171 1299 1149 1394 ſonnes qu'il eſt permis de haïr.
176 1368 1143 1473 Cependant ſi l'on conſidere la
178 1452 1146 1544 choſe de prés, l'on reconnoîtra
183 1533 1145 1618 que la penſée eſt juſte & rai-
186 1605 1151 1691 ſonnable. En effet, la vertu veut
190 1675 1154 1769 que l'on faſſe du bien à tous les
191 1756 1157 1848 hommes, comme Confucius le
197 1834 1154 1928 poſe; mais elle n'exige pas que
239 1935 1160 2036 (a) Voiez le traité de morale de l'Au-
198 2013 1058 2098 teur de la recherche de la Verité.
