1444 2432
310 204 1291 286 Maitre, Empereur, ou celui de
310 269 1285 372 Vam, qui ſignifie Roy; qu'il y
309 353 1291 436 a eû même un Prince de la qua-
306 425 1292 516 triéme race qui s'eſt fait apel-
305 506 1291 590 ler Xi boam-ti, le Grand, ou
304 579 1291 671 l'Auguſte Empereur; mais qu'il
304 663 1291 741 ne s'en eſt trouvé aucun qui ait
304 733 1280 818 oſé prendre le titre de Xam,
305 813 1289 894 c'eſt à dire de Souverain, &
317 883 1283 971 qu'on l'a toûjours laiſſé par re-
304 956 1280 1053 ſpect, à l'arbitre abſolu de l'U-
304 1052 525 1126 nivers.
377 1109 1288 1201 Il eſt vrai qu'on a, en tout
301 1183 1285 1272 tems dans la Chine, offert des
300 1264 1280 1351 Sacrifices à divers Anges tute-
300 1343 1283 1430 laires: mais dans les tems qui
301 1415 1284 1506 ont précedé Confucius, c'étoit
300 1488 1281 1579 dans la vûë de les honorer infi-
300 1574 1280 1657 niment moins que Xam-ti, que
300 1644 1254 1728 le Souverain Maitre du monde.
370 1713 1285 1802 Les Chinois ſervoient Dieu
300 1792 1280 1883 avec beaucoup de magnificence,
300 1878 1280 1952 mais en même tems avec un ex-
305 1948 1273 2037 terieur fort modeſte & fort hum-
