1444 2432
383 210 1283 306 „Nous ne ſommes capables
318 291 1283 387 „de connoître qu'un ſeul ob-
316 366 1285 456 „jet & une ſeule verité à la fois.
316 441 1285 533 „Le reſte demeure enſeveli dans
318 518 1289 610 „nôtre memoire, comme s'il
328 591 1291 685 „n'y étoit point. Voilà donc
320 664 1287 766 „nôtre ſcience reduite à un ſeul
322 751 584 834 „objet.
373 818 1285 922 „Qui eſt-ce qui n'eſt pas con-
320 899 1291 995 „vaincu que c'eſt une baſſeſſe
316 970 1295 1074 „de ſe croire digne d'eſtime,
324 1051 1287 1145 „parce qu'on eſt bien vêtu,
312 1128 1293 1222 „qu'on eſt bien à cheval, qu'on
324 1201 1287 1299 „eſt juſte à placer une balle,
314 1280 1293 1374 „qu'on marche de bonne grace?
382 1365 1295 1447 Quoi! les ſciences & les belles
316 1441 1293 1517 découvertes ne rendent-elles
320 1521 1295 1601 pas plus heureux, plus con-
316 1595 1285 1675 tent, & plus honnête homme,
317 1669 1293 1751 lors qu'on en ſçait faire un bon
319 1748 1293 1830 uſage? Ne ſçait-on pas même
325 1824 1291 1911 qu'il y a beaucoup de Theolo-
365 1959 1095 2075 (a) Chap. 8. (b) Ch. 14.
