1444 2432
309 210 1284 298 digne de mépris, n'y auroit-il
312 291 1285 372 pas de la baſſeſſe s'il avoit des
302 366 1285 453 habillemens malpropres, s'il ne
306 443 1281 526 prenoit nulle peine & nul ſoin
306 518 1277 599 pour être bien à cheval, s'il ne
298 591 1276 676 ſe piquoit d'aucune adreſſe, ou
298 667 1270 751 s'il marchoit comme un Payſan.
365 744 1277 828 On peut aſſurer, que dans cet
296 820 1274 903 Abregé de la morale de Con-
294 898 1276 970 fucius, on ne trouvera rien de
292 968 1272 1053 ſemblable à ce qu'on vient de
296 1048 1273 1132 voir. On verra ici des Eſſays de
287 1121 1269 1207 morale, qui ſont des coups de
286 1195 1265 1283 Maître. Tout y eſt ſolide; parce
292 1279 1262 1357 que la droite raiſon, cette ve-
283 1349 1264 1433 rité interieure, qui eſt dans l'ame
286 1428 1258 1507 de tous les hommes, & que nô-
282 1495 1260 1583 tre Philoſophe conſultoit ſans
279 1575 1256 1664 ceſſe, ſans préjugé, conduiſoit
279 1652 1254 1738 toutes ſes paroles. Auſſi les regles
281 1730 1257 1810 qu'il donne, & les devoirs auſ-
283 1802 1254 1890 quels il exhorte, ſont tels, qu'il
277 1884 1252 1964 n'y a perſonne qui ne ſe ſente
278 1955 1242 2050 d'abord porté ày donner ſon apro-
