1444 2432
336 214 1325 293 a beaucoup d'amitié. Si c'en ét oit
336 295 1323 360 ici le lieu, nous pourrions ve-
331 360 1312 449 rifier cela par pluſieurs Paſſages.
332 440 1315 516 Nous nous contenterons ſeule-
328 512 1307 594 ment d'alleguer l'Exemple de
328 595 1303 671 Dieu lui-même, que nôtre Sau-
329 667 1302 748 veur propoſe. Car aprés avoir dit,
325 748 1308 829 Aimez vos ennemis; benißez ceux
324 821 1308 903 qui vous maudißent; faites du bien
321 902 1287 978 à ceux qui vous haïßent, & priez
320 980 1296 1055 pour ceux qui vous courent ſus, &
319 1053 1303 1129 qui vous perſecutent; (car ce ſont
320 1126 1302 1199 tout autant de Sinonimes) il ad-
327 1202 1297 1284 joûte; afin que vous ſoiez enfans
315 1282 1293 1353 de vostre Pere qui eſt aux Cieux:
313 1348 1296 1434 car il fait lever ſon ſoleil ſur les mé-
312 1424 1293 1507 chans & ſur les bons, & il envoie
315 1501 1293 1591 ſa pluie ſur les juſtes & ſur les in-
309 1579 1288 1661 justes. Or, il eſt certain que
308 1657 1289 1732 Dieu n'aime point les méchans
309 1726 1285 1811 & les injuſtes, quoiqu'il leur faſſe
308 1806 1283 1883 du bien; il a eu une extrême
305 1880 1281 1964 averſion, pour un Caligula, par
306 1960 1279 2049 exemple, pour un Neron, & pour
1120 2032 1280 2109 d'au-
