1448 2432
105 216 1064 320 ble; & ils diſoient qué tout ce
103 287 1068 391 culte exterieur n'étoit nullement
105 364 1066 468 agréable à la Divinité, ſi l'ame
99 441 1068 547 n'étoit intérieurement ornée de
104 522 1066 612 pieté & de vertu. Ils honoroient
101 589 1062 693 fort leurs Peres & leurs Meres,
99 666 1066 774 & les perſonnes avancées en âge.
104 745 1065 834 Les femmes étoient fort vertueu-
101 826 1068 912 ſes; & l'on remarquoit une gran-
101 894 1066 984 de modeſtie dans leurs habits
101 979 1066 1057 & dans toutes leurs maniercs.
102 1047 1066 1134 Les hommes & les femmes, les
108 1122 1069 1211 Grands & les petits, les Rois &
101 1194 1066 1284 les Sujets, aimoient fort la ſo-
101 1270 1064 1367 brieté, la frugalité, la modéra-
100 1357 874 1441 tion, la juſtice, la vertu.
178 1424 1084 1513 La Religion & la pieté des
102 1505 1065 1595 Chinois demeurerent à peu prés
100 1579 1068 1665 en cet état juſques au tems du
98 1648 1066 1742 Philoſophe Li Lao Kiun, qui fut
100 1728 1066 1815 contemporain de Confucius, &
104 1806 1047 1896 qui enſeigna le premier qu'il y
97 1878 1064 1968 avoit pluſieurs Dieux. Confucius
100 1951 1055 2045 arrêta le torrent de la ſuperſti-
