1971 2585
517 232 1776 323 wyr doch das bekennen / konnens auch nicht leucken / das
519 303 1770 374 wyr mehr liechts vnd klarheyt an vielen orten der ſchrifft
517 359 1772 424 haben von Gotts gnaden / denn ſie gehabt haben / Gott
519 411 1772 491 gebe das wyr auch danckbar vnd deſte mehr fruchtbar ſeyen
521 467 692 529 Amen.
588 508 1768 583 Aber ehe wyr den text anfahen / mus ich vor den wet baw
515 575 1768 639 en vnd einen gemeinen eingang machen / der nicht alleine die ⸗
515 624 1766 697 ſen / ſondern faſt alle Pꝛopheten deſte bas zuuerſtehen / noͤtig
517 674 1770 743 vnd nuͤtzlich iſt. Denn das hat bisher viel yrre gemacht ynn
515 730 1763 807 den Propheten / das / wenn ſie vom Judiſchen reich reden /
521 786 1766 859 kurtz abbrechen / vnd von Chriſto mit vnter reden / vnd dun⸗
513 831 1768 904 ckt yederman / der yhre weyſe nicht weys / ſie haben eine ſel⸗
515 887 1768 965 tzame weyſe zu reden / als die keine ordnunge halten / ſondern
517 947 1761 1010 das hundert yns tauſent werffen / das man ſie nicht faſſen /
515 988 1761 1070 noch ſich dreyn ſchicken muge. Nu iſts gar vnluſtig ding /
517 1049 1766 1113 eyn buch leſen / das keine ordnunge helt / da man nicht kan
515 1098 1763 1174 eyns zum andern bringen vnd an einander hengen / das ſichs
504 1158 1766 1219 fein nach einander ſpuͤmme wie ſichs denn gepuͤrt / wo man
508 1206 1763 1270 recht vnd wol reden wil. Alſo hat der heylige geyſt muſſen die
511 1253 1763 1335 ſchuld haben / das er nicht wol reden kunde / ſondern wie ein
513 1311 1761 1378 trunckenbold odder ein narr redet / ſo menge ers ynn einander
517 1363 1761 1428 vnd fure wilde ſeltzame wort vnd ſpruͤche. Es iſt aber vnſer
508 1410 1757 1482 ſchuld / die wyr die ſprache nicht verſtanden / noch der pro⸗
506 1466 1759 1538 pheten weyſe gewuſt haben / Denn das kan yhe nicht anders
506 1525 1761 1596 ſein / Der heylige geyſt iſt weyſe vnd macht die Propheten
517 1568 1755 1645 auch weyſe. Ein weyſer aber mus wol reden konnen / das fey⸗
521 1628 1755 1697 let nymer mehr / Wer aber nicht wol hoͤret / odder die ſprache
513 1684 1751 1751 nicht gnugſam weys / den mags wol duncken / er rede vbel /
506 1725 1757 1803 weil er kaum der wort die helfft hoͤꝛet odder vernympt / Eben
504 1785 1757 1859 ſo iſts vns bis her gangen ynn der ſchrifft / Darumb haben
506 1835 1755 1910 wyr auch ſo getappet vnd nach geomet vnd gar offt neben
521 1893 1751 1966 hyn gangen vnd ein anders troffen / wie man ſagt / Wer
506 1949 1194 2022 nicht wol hoͤret / der reymet wol.
612 2003 1755 2102 Auffs erſt / iſts gewis / das alle pꝛopheten furnemlieh
1651 2072 1751 2143 yhꝛe
