2620 3440
696 334 2367 426 wyr doch das bekennen / konnens auch nicht leucken / das
698 405 2363 498 wyr mehr liechts vnd klarheyt an vielen orten der ſchrifft
698 475 2365 571 haben von Gotts gnaden / denn ſie gehabt haben / Gott
699 548 2365 642 gebe das wyr auch danckbar vnd deſte mehr fruchtbar ſeyen
698 623 917 703 Amen.
786 686 2361 783 Aber ehe wyr den text anfahen / mus ich vor den weg baw
690 768 2363 848 en vnd einen gemeinen eingang machen / der nicht alleine die⸗
692 831 2358 924 ſen / ſondern faſt alle Pꝛopheten deſte bas zuuerſtehen / noͤtig
694 900 2361 1001 vnd nuͤtzlich iſt. Denn das hat bisher viel yrre gemacht ynn
692 970 2356 1070 den Propheten / das / wenn ſie vom Judiſchen reich reden/
677 1034 2358 1140 kurtz abbrechen / vnd von Chriſto mit vnter reden / vnd dun⸗
677 1100 2358 1209 ckt yederman / der yhre weyſe nicht weys / ſie haben eine ſel⸗
677 1181 2355 1284 tzame weyſe zu reden / als die keine ordnunge halten / ſondern
677 1258 2353 1350 das hundert yns tauſent werffen / das man ſie nicht faſſen/
684 1320 2352 1421 noch ſich dreyn ſchicken muge. Nu iſts gar vnluſtig ding/
686 1395 2356 1484 ſeyn buch leſen / das keine ordnunge helt / da man nicht kan
686 1465 2356 1555 eyns zum andern bringen vnd an einander hengen / das ſichs
678 1536 2356 1628 fein nach einander ſpuͤmme wie ſichs denn gepuͤrt / wo man
682 1603 2358 1698 recht vnd wol reden wil. Alſo hat der heylige geyſt muſſen die
688 1672 2358 1769 ſchuld haben / das er nicht wol reden kunde / ſondern wie ein
684 1748 2354 1838 trunckenbold odder ein narr redet / ſo menge ers ynn einander
690 1817 2354 1907 vnd fure wilde ſeltzame wort vnd ſpruͤche. Es iſt aber vnſer
688 1886 2354 1978 ſchuld / die wyr die ſprache nicht verſtanden / noch der Pro⸗
686 1958 2352 2048 pheten weyſe gewuſt haben / Denn das kan yhe nicht anders
678 2031 2352 2125 ſein / Der heylige geyſt iſt weyſe vnd macht die Propheten
669 2098 2352 2180 auch weyſe. Ein weyſer aber mus wol reden konnen / das fey⸗
671 2165 2350 2258 let nymer mehr / Wer aber nicht wol hoͤret / odder die ſprache
678 2239 2344 2327 nicht gnugſam weys / den mags wol duncken / er rede vbel/
684 2308 2350 2398 weil er kaum der wort die helfft hoͤꝛet odder vernympt / Eben
684 2373 2348 2474 ſo iſts vns bis her gangen ynn der ſchrifft / Darumb haben
682 2450 2348 2541 wyr auch ſo getappet vnd nach geomet vnd gar offt neben
675 2520 2344 2612 hyn gangen vnd ein anders troffen / wie man ſagt / Wer
684 2595 1593 2685 nicht wol hoͤret / der reymet wol.
824 2673 2344 2792 Auffs erſt / iſts gewis / das alle pꝛopheten furnemlich
2206 2750 2338 2849 yhꝛe
