2568 3595
193 125 881 229 Professor Dr. Otto Selz
693 455 1902 547 Personal Information.
587 601 2486 685 I was born on February 14 th, 1881, in Munich and am of German
399 663 2438 726 nationality, Jewish race and religion. I have a good working know-
403 711 2470 778 ledge of English and French, read both languages fluently and speak
405 760 2464 838 them well enough to be able to lecture in them after a short period
401 806 2438 888 in which to freshen up my knowledge. I am unmarried. My pension as
403 870 2408 936 a professor in ordinary amounts Rm 8. 409.-- per annum. Even should
405 920 2462 990 this be continued after my being domiciled in another country, there
405 974 2374 1040 is at present to my knowledge no possible means of transfer. The
397 1018 2432 1100 remnant of my small private fortune will presumably be used before
401 1072 845 1154 my emigration.
575 1162 2372 1246 My education began with three years at a primary school. I
401 1220 2436 1298 then entered the Grammar School of Munich, where I matriculated in
397 1274 2308 1346 1899. I then studied law from 1899-1904 at the Universities of
391 1332 2434 1400 Munich and Berlin, at the same time attending many lectures of the
395 1380 2458 1459 philosophical faculty. After passing both the examinations required
397 1439 2370 1507 for the legal branch of civil service in 1904 and 1907 and after
397 1481 2282 1553 being formally admitted as a solicitor in Munich, but without
397 1541 2366 1605 practising, I devoted myself entirely to the study of philosophy
393 1591 2430 1665 and psychology as well as to supplementary studies in medicine and
393 1635 2400 1709 natural science. In 1909, I obtained my degree as Doctor of Philo-
391 1693 2398 1761 sophy under Theodor Lipps in Munich by an enquiry into the theory
395 1739 2348 1809 of transcendentalism as found in the earlier English empiricism
405 1795 2422 1867 "Die psychologische Erkenntnistheorie und das Transzendenzproblem"
397 1843 1810 1921 (Archiv für die gesamte Psychologie, Band 16).
567 1937 2248 2023 From 1909, I worked in the Psychological Laboratory of
387 1999 2390 2069 Oswald Külpe in Bonn and was soon one of his chief collaborators.
391 2049 2454 2125 In 1912, I established myself as lecturer at the University of Bonn
391 2095 2426 2168 by an experimental enquiry into the laws of the ordered course of
391 2157 2414 2240 thinking (Ueber die Gesetze des geordneten Denkverlaufs. Stuttgart,
389 2196 593 2286 1913).
567 2292 2332 2374 During the war, I was on active service. Returning to the
387 2352 2398 2428 University of Bonn in 1919, I was nominated Professor in 1921. In
389 2412 2446 2484 1933, after the publication of my work "Zur Psychologie des produk-
387 2464 2360 2540 tiven Denkens und des Irrtums"(Psychology of productive thinking
387 2520 2352 2580 and error, Bonn, 1922), I was given the chair for philosophy, psycho-
385 2562 2388 2636 logy and pedagogy (Wilhelm Wundt Professorship) at the University
385 2620 2420 2690 of Commerce in Mannheim and at the same time appointed Director of
387 2674 2360 2746 the Institute for Psychology and Pedagogy at this university. In
389 2728 2416 2798 the same year, I posthumously edited the "Lectures on Logic" of my
385 2774 2298 2848 teacher Oswald Kulpe. The senate of the University of Commerce
387 2830 2410 2913 elected me unanimously as principal for the year of office 1929-30.
561 2917 2390 3005 On March 1 st, 1934, I was pensioned according to the terms
381 2987 2366 3051 of my contract. The psychological laboratory of which I had been
383 3035 2434 3107 the head was taken over, with the University of Commerce, by the Uni-
381 3087 2384 3157 versity of Heidelberg. Since my retirement, I have devoted myself
379 3139 1366 3223 entirely to scientific research.
