2575 3603
552 346 1389 432 to the two following facts:
642 288 2374 392 For my estimation among German psychologists I may refer
518 500 2432 586 Psychology in Leipzig, 1923, the leading lecture on the psycho-
640 438 2350 536 At the VIII th Congress of the Society for experimental
520 554 2372 636 logical, historical and psychiatric schools of research into
514 612 2338 684 personality was entrusted to me by the President G. E. Müller
522 658 2448 756 (Bericht über den VIII. Kongress für experimentelle Psychologie,
518 704 973 786 dena 1924, p. 3).
516 808 2454 906 I was asked to give the opening lecture on my new psychological
638 754 2420 848 At the XI th Congress of the same Sociaty in Vienna 1929,
516 866 2396 958 theory of space, time and shape (Bericht über den XI. Kongress
512 918 2018 1010 für experimentelle Psychologie, Jena 1930, p.27).
642 1060 1782 1164 As references I mention:
780 1219 1742 1321 I. In the field of Psychology:
504 1325 2462 1427 Professor Dr. G. Révész, Amsterdam C., Psychologisch Laboratorium
504 1381 1589 1473 der Universitait, Heerengracht 196,
504 1473 2202 1583 Professor Dr. E. Claparède, Genève, Avenue du Champel 11,
498 1567 2502 1696 Professor Dr. David Katz, Stockholm, Hochschulinstitut für Psycho-
500 1643 1768 1725 logie und Pädagogik, Observatoriegatan 8,
504 1737 2080 1835 Professor Dr. Johannes Lindworsky, Prag II, Jeche 2,
494 1833 2432 1943 Professor Dr. Edgar Rubin, Copenhague, Psykologisk Laboratorium,
494 1899 1001 1973 Studiestraede 6.
766 2041 1703 2151 II. In the field of Pedagogy:
492 2145 2440 2253 Professor Dr. Ph. Kohnstamm, Nutsseminarium voor Paedagogiek san
492 2207 1970 2303 de Universiteit, Amsterdam C., Heerengracht 196,
490 2299 1880 2404 Professor Dr. E. Otto, Prag XIl, Benesovska 23.
508 2510 935 2612 4 Enclosures.
486 2610 1293 2698 1) List of Lectures given,
498 2674 1235 2744 2) List of Publications,
492 2723 2244 2843 3) Publications of the Psychological Laboratory during my
582 2778 1049 2858 Term of Office,
488 2824 830 2914 4) Reviews.
1222 36 1397 147 – 3 –
