2609 3598
667 407 2489 489 In the agreement with the judgment of collsaguss, I may con-
476 449 2534 536 sider the establishment of a strictly methodical psychology of cre-
479 497 2555 587 ative mental activity and my still unfinished enquiry into the psy-
481 555 2517 635 chology of space, time and "shape"(Gestalt) as my two chief contri-
481 603 2455 687 butions to science. I hope to be able to collect and complete my
481 649 2531 743 partial publications on this subject (since 1929) and to unite them
485 707 2513 797 in an enquiry into "The structural Principles of the world of Phe-
481 753 2429 845 nomena". Only then would my earlier discovery of some important
479 809 2537 899 genetic laws (Verlaufsgesetze) in the psychical Cosmos (doctrine of
483 863 2493 949 schematical anticipation, laws of complex-completion, theory of in-
487 915 2463 995 tellectual operations) come to the support of the systematically
485 963 2489 1057 requlred supplementation in the exposition of its structural laws
489 1013 2513 1111 (Aufbaugesetze). A problem first seen by John Locke would by these
483 1063 2469 1157 means be re-stated and brought towards a solution by help of the
487 1121 2437 1209 apparatus of modern psychological analysis. My discovery of the
491 1165 2515 1261 quality-connecting phenomens of gradation (phenomene of continuous
487 1221 2513 1305 and discontinuous increase and decrease of quality or quantity) as
489 1273 2521 1363 a specific class of perceptions makes possible the bridging of the
485 1313 2522 1415 gulf between the qualities and the phenomenal wholes, and therewith
493 1375 2521 1461 the return from analysis to synthesis (synthetic psychology of the
485 1418 2519 1514 whole) which was considered impossible by the psychologists of the
493 1473 2443 1567 last decades. The task of an adequate description of the shaped
493 1521 2525 1621 phenonemal continus in the optical-spacial field as well as of the
491 1577 2519 1670 generally discontinuous temporal figures in the field of acoustics
495 1629 2403 1727 and music (rhythm, melody) is thus made capable of fulfilment.
673 1721 2503 1820 Besides my two above-mentioned chief fields of research, the
495 1787 2497 1870 contributions to the psychology of the personality, to the psycho-
499 1832 2493 1920 logy of the will and the memory, to the psychology of the economy,
497 1885 2498 1972 to the question of the relation between speaking and thinking, to
499 1934 2475 2028 the problem of educability of mental achievements and to the im-
497 1984 2369 2086 provement of the methods for the selection of schoolchildren,
495 2044 2473 2136 worked out by myself and my former collaborators, should also be
495 2120 821 2194 mentioned.
679 2178 2483 2278 It is my desire to find an opportunity of making practical
497 2240 2517 2332 use of my knowledge of the productive personality and the analysis
494 2287 2522 2380 of his Cosmos of shapes (Gestaltenwelt) to which I have paved the
497 2342 2521 2432 way, for example in one of the last-mentioned fields of work which
497 2398 2522 2497 are in touch with daily life. In the bordering sciences, the atten-
505 2448 2385 2544 tion especially of neurologists, philologists, pedagogues and
501 2512 2105 2600 animal psychologists has been drawn to my enquiries.
683 2584 2528 2683 Through my extensive practice in lecturing and my publicatio
501 2652 2383 2742 in the three fields of philosophy, psychology and pedagogy, I
501 2714 2509 2796 should be in a position to fill a post in which, as was the case in
505 2760 2419 2846 the University of Commerce in Mannheim, all three subjects are
505 2826 1315 2902 taught by a single person.
681 2894 2493 3000 My ideal which may perhaps not be realizable would be inde-
505 2964 2439 3070 pendant work in a research laboratory with occasion to lecture.
1257 111 1405 191 - 2 -
