3560 5120
2191 420 2384 563 viij
313 557 2561 728 ſchuldigen ledig zulaſſen dann den vnſchuldigñ zum tode zuuer⸗
315 691 2563 839 dampnen / So ſol auch der bekentnus ſo auß marter geſchicht/
313 813 2569 950 nit glaubt noch yemat darauf zu peinlicher ſtraff verurteilt werde
315 930 2561 1078 So nit vor der peinlichen frag redlich anzeigung der miſſetat er
313 1066 788 1188 funden ſein/
330 1152 2563 1311 Item So die miſſetat einer todſtraffhalben gruntlich oder aber
2692 1089 2931 1248 xiiij.
318 1288 2563 1422 deßhalb redliche anzeigung / dauo vorberuͤrt iſt / erfundñ wuͤrdet
318 1410 2561 1547 So ſoͤlle es der peinlichen frage halben / vnd aller erkundigung
310 1544 2566 1669 ſo zu erfyndung der warheit dinſtlich iſt auch mit der rechtuertig⸗
318 1649 2569 1789 ung vff des tetters bekenne gehaltñ werde / wie clerlich hernach
324 1769 2563 1908 von den yhenen / die vff ancleger einbracht werden / geſchriben⸗
327 1900 961 2022 vnd geordent iſt/
338 1996 2569 2153 Item woͤlt aber ein ſoͤlcher gefangner der verdachtñ miſſetat on
324 2130 2578 2269 oder durch peinlich frage / nit beketlich ſein / vnd er doch derſelbi
2697 2045 2851 2184 xv.
327 2249 2575 2386 gen vberwiſen werde moͤcht / So ſolt es mit derſelbigñ weiſung
330 2369 2581 2511 vnd rechtuertigung darauf der todtſtraff halben gehaltñ werden
330 2491 2581 2633 wie auch clerlich hernach geſeczt iſt / von den yhenen / die durch
330 2619 1326 2753 ancleger einbracht werden/
347 2727 2578 2872 Item ſo aber ein perſon einer gnugſamen vnzweifenlichñ / vber⸗
335 2855 2563 2978 wundñ vnd erfunde miſſetat halbenach laut diſer vnſer ordnug
2692 2790 2888 2938 xvj.
338 2978 2581 3108 von amptßwegñ entlich an irem leib oder glidern geſtraft werde
327 3083 2575 3231 ſolt / Alſo das dieſelbig ſtraff / nit zum tode oder ewiger gefengk⸗
332 3205 2578 3353 nus fuͤr genuen wuͤrde / mit erketnus ſoͤlcher ſtraff ſol es ſunder⸗
335 3325 2575 3467 lich auch gehalten werden / als yn dem Zweyhudert vnd Zwen
335 3458 2148 3615 vndzweinzigiſten artickel angezeigt funden wurdt/
