<?xml version="1.0" encoding="UTF-8"  standalone="yes"?>
<PcGts xmlns="http://schema.primaresearch.org/PAGE/gts/pagecontent/2019-07-15" xmlns:xsi="http://www.w3.org/2001/XMLSchema-instance" xsi:schemaLocation="http://schema.primaresearch.org/PAGE/gts/pagecontent/2019-07-15 http://schema.primaresearch.org/PAGE/gts/pagecontent/2019-07-15/pagecontent.xsd">
  <Metadata>
	<Creator>escriptorium</Creator>
	<Created>2023-03-21T13:21:14.799529+00:00</Created>
        <LastChange>2023-03-21T13:21:14.799542+00:00</LastChange>
  </Metadata>
  <Page imageFilename="1837705283_0010.jpg" imageWidth="2616" imageHeight="3752">
    <TextRegion id="eSc_textblock_429a2af9"  custom="structure {type:text;}">
      <Coords points="1067,275 1106,275 1133,333 1507,341 1534,500 1782,533 1773,606 1707,681 1575,739 1498,825 1557,917 1557,1115 1482,1267 1490,1415 1657,1467 1648,1540 1523,1617 1482,1757 1632,1825 1632,1915 1573,2057 1682,2134 1665,2240 1790,2309 1740,2457 1623,2526 1598,2640 1490,2759 1525,2826 1615,2876 1565,3026 1582,3091 1732,3118 1748,3207 1723,3224 1500,3224 1432,3149 383,3149 341,3074 308,366 341,333 1015,333 1067,275"/>
      <TextLine id="eSc_line_3ea423b8" >
        <Coords points="1085,275 1054,284 1051,325 1048,356 1101,356 1107,331 1107,290 1085,275"/>
        <Baseline points="1052,328 1110,332"/>
        <TextEquiv>
          <Unicode>5</Unicode>
        </TextEquiv>
      </TextLine>
      <TextLine id="eSc_line_ad2059d9" custom="structure {type:default;}">
        <Coords points="1490,339 1469,339 1461,339 1454,341 1442,339 1427,339 1407,337 1386,337 1365,337 1359,337 1342,346 1104,348 1040,343 969,337 967,337 842,348 817,350 808,350 748,339 746,339 744,339 717,352 710,354 685,352 598,346 596,346 594,346 560,356 558,356 527,346 525,346 346,346 343,346 341,346 339,346 323,356 325,406 325,431 487,433 489,433 491,433 504,429 537,421 583,429 600,431 602,431 604,431 606,431 606,429 608,429 619,418 683,427 712,431 714,431 739,427 796,416 821,427 825,427 827,427 829,427 831,427 833,427 833,425 854,414 983,423 985,423 988,423 990,423 1004,412 1259,421 1292,421 1294,421 1304,421 1390,406 1496,416 1500,387 1492,339 1490,339"/>
        <Baseline points="325,406 1500,387"/>
        <TextEquiv>
          <Unicode>Si que rien plus en mon entendement</Unicode>
        </TextEquiv>
      </TextLine>
      <TextLine id="eSc_line_917c573b" custom="structure {type:default;}">
        <Coords points="327,500 327,525 516,514 535,521 554,529 556,529 558,529 560,529 581,521 589,516 591,521 606,531 606,533 608,533 610,533 612,533 771,531 844,514 862,510 875,514 921,529 923,529 925,529 927,529 971,512 981,508 1008,510 1136,525 1138,525 1140,525 1142,525 1167,506 1225,506 1325,504 1342,516 1344,516 1346,516 1348,516 1350,516 1377,502 1377,485 1371,437 1340,437 1338,437 1327,427 1327,425 1325,425 1323,425 1321,425 1319,425 1317,425 1300,437 1294,437 1244,429 1242,429 1240,429 1208,437 1198,439 1194,437 1171,425 1169,425 1167,425 1165,425 1163,425 1163,427 1150,437 1148,441 1067,441 1044,437 977,427 975,427 973,427 938,439 921,446 848,446 837,439 817,429 815,429 812,429 810,429 777,439 758,446 729,439 681,431 679,431 608,441 558,448 548,441 537,433 535,433 533,433 531,433 485,441 441,452 400,452 391,441 385,437 385,435 383,435 381,435 379,435 325,441 327,500"/>
        <Baseline points="327,500 1377,485"/>
        <TextEquiv>
          <Unicode>le ne conçoy que royal argument,</Unicode>
        </TextEquiv>
      </TextLine>
      <TextLine id="eSc_line_c1e507ef" custom="structure {type:default;}">
        <Coords points="1763,531 1742,527 1721,525 1680,525 1636,510 1617,510 1596,508 1594,506 1584,514 1448,506 1446,506 1444,506 1390,523 1356,508 1354,508 1352,508 1350,508 1279,529 1277,529 1275,529 1223,510 1221,510 1142,510 1140,510 1138,510 1136,510 1136,512 1115,531 1111,531 985,512 983,512 981,512 935,533 933,535 846,535 846,533 808,514 806,514 804,514 802,514 742,535 737,535 733,535 667,521 664,521 662,521 612,535 606,539 414,539 410,539 360,521 358,521 356,521 354,521 325,535 327,591 327,614 471,627 473,627 475,627 477,627 477,625 489,614 496,610 531,614 642,625 644,625 769,612 825,606 850,610 894,621 896,621 898,621 931,610 938,608 942,610 958,621 960,621 963,621 965,621 967,621 1002,610 1021,604 1096,604 1106,608 1117,616 1119,616 1121,616 1123,619 1169,619 1169,616 1171,616 1173,616 1173,614 1181,608 1190,600 1423,600 1440,606 1457,612 1459,612 1461,614 1542,614 1542,612 1544,612 1561,604 1577,596 1659,596 1675,604 1690,610 1692,610 1694,610 1767,602 1767,573 1763,531 1763,531"/>
        <Baseline points="327,591 1767,573"/>
        <TextEquiv>
          <Unicode>Sceptres, grandeurs, &amp; touſiours me bourdonne</Unicode>
        </TextEquiv>
      </TextLine>
      <TextLine id="eSc_line_52487abc" custom="structure {type:default;}">
        <Coords points="323,683 323,700 519,712 521,712 523,712 546,702 550,700 552,702 571,717 573,717 575,717 577,719 671,719 671,717 673,717 675,717 698,702 708,698 756,698 771,702 794,712 796,712 896,714 898,714 967,712 969,712 971,712 979,704 983,700 988,704 1000,712 1002,712 1004,712 1006,712 1225,710 1227,710 1242,706 1284,692 1323,702 1325,702 1327,702 1498,689 1538,706 1540,706 1542,708 1667,708 1669,669 1663,621 1600,621 1598,621 1580,604 1577,604 1575,604 1573,604 1571,604 1548,614 1529,602 1527,602 1525,602 1479,602 1477,602 1475,602 1434,623 1432,623 1411,623 1125,606 1123,606 1121,606 1119,606 1088,627 1083,629 881,629 879,629 840,612 837,612 733,610 731,610 729,610 727,610 700,631 698,633 602,633 602,631 575,612 573,612 571,612 516,612 514,612 512,612 471,633 466,633 362,614 360,614 358,614 321,631 323,683"/>
        <Baseline points="323,683 1669,669"/>
        <TextEquiv>
          <Unicode>L&#x27;oreille, au bruit que ce diſcours me donne.</Unicode>
        </TextEquiv>
      </TextLine>
      <TextLine id="eSc_line_9bbbe190" custom="structure {type:default;}">
        <Coords points="327,779 327,794 408,808 410,808 412,808 458,792 464,792 502,792 762,800 764,800 767,800 802,787 804,787 871,806 873,806 875,806 965,790 1008,800 1010,800 1013,800 1015,800 1054,785 1140,802 1142,802 1144,802 1202,785 1223,800 1225,800 1227,800 1229,802 1288,802 1288,800 1425,777 1427,762 1423,717 1288,698 1286,698 1217,712 1086,706 1083,706 1006,723 667,725 602,708 600,708 598,708 596,708 531,727 475,710 473,710 471,710 469,710 416,729 393,712 391,712 389,712 352,712 350,712 348,712 346,712 325,727 327,779"/>
        <Baseline points="327,779 1427,762"/>
        <TextEquiv>
          <Unicode>Las! ie la creu naguieres, &amp; ſi fort</Unicode>
        </TextEquiv>
      </TextLine>
      <TextLine id="eSc_line_c926f61d" custom="structure {type:default;}">
        <Coords points="329,873 333,900 343,890 529,890 546,896 564,904 566,904 569,904 571,904 598,896 619,890 625,896 635,904 637,904 639,904 642,906 694,906 694,904 696,904 729,894 746,887 762,892 790,902 792,902 794,902 796,902 840,892 854,902 856,902 858,902 860,902 1035,900 1038,900 1040,900 1040,898 1050,887 1056,881 1092,885 1175,898 1177,898 1179,898 1181,898 1181,896 1194,883 1198,879 1265,879 1271,883 1284,894 1286,894 1288,894 1290,894 1292,894 1327,881 1327,858 1323,810 1183,792 1181,792 1179,792 1131,810 1129,810 1123,810 1042,800 1040,800 981,810 971,812 969,810 952,798 952,796 950,796 948,796 915,796 912,796 910,796 883,810 881,812 750,819 681,819 675,812 667,804 664,804 662,804 660,804 623,812 610,815 606,812 594,804 591,804 589,804 587,804 585,804 569,812 558,819 550,812 535,802 533,802 531,802 529,802 527,802 491,812 466,821 448,812 429,804 427,804 425,804 327,812 329,873"/>
        <Baseline points="329,873 1327,858"/>
        <TextEquiv>
          <Unicode>Me demena ce profetique effort,</Unicode>
        </TextEquiv>
      </TextLine>
      <TextLine id="eSc_line_55f29b91" custom="structure {type:default;}">
        <Coords points="333,969 333,990 448,1004 450,1004 452,1004 454,1004 479,990 491,981 560,988 683,1000 685,1000 687,1000 689,1000 689,998 702,985 706,979 748,977 764,985 777,992 779,992 781,992 783,992 785,992 794,985 806,977 819,985 835,994 837,994 840,994 842,994 869,983 894,975 1044,975 1058,981 1063,985 1065,985 1067,985 1069,985 1071,985 1073,985 1077,981 1090,973 1100,981 1108,988 1108,990 1111,990 1113,990 1115,990 1117,990 1148,981 1192,969 1275,979 1284,979 1286,979 1292,979 1342,969 1354,977 1367,988 1369,988 1371,988 1373,988 1523,975 1525,948 1521,885 1461,879 1459,879 1457,879 1454,879 1454,881 1448,885 1438,898 1404,898 1386,887 1369,881 1367,881 1365,881 1196,883 1194,883 1192,883 1177,894 1161,904 927,906 894,900 840,890 837,890 731,904 683,910 671,906 644,894 642,894 639,894 637,894 581,908 560,912 514,910 373,898 371,898 368,898 331,912 333,969"/>
        <Baseline points="333,969 1525,948"/>
        <TextEquiv>
          <Unicode>Que tranſporté d&#x27;erreur, &amp; de ieuneſſe</Unicode>
        </TextEquiv>
      </TextLine>
      <TextLine id="eSc_line_c00d880d" custom="structure {type:default;}">
        <Coords points="331,1056 337,1083 341,1075 393,1081 481,1094 483,1094 589,1090 591,1090 594,1090 594,1088 596,1088 602,1079 606,1075 635,1079 712,1090 714,1090 717,1090 719,1090 719,1088 729,1077 737,1069 794,1069 848,1077 871,1079 873,1079 950,1075 1123,1065 1142,1073 1161,1081 1163,1081 1165,1081 1238,1071 1275,1067 1281,1071 1292,1079 1292,1081 1294,1081 1296,1081 1298,1083 1356,1083 1356,1081 1359,1081 1361,1081 1361,1079 1371,1071 1379,1063 1402,1069 1409,1042 1402,973 1246,998 1215,998 1186,977 1183,977 1181,977 1179,977 1177,977 1175,977 1125,992 1104,979 1102,977 1100,977 1098,977 1096,977 1081,979 1027,992 990,981 979,979 977,979 975,979 973,979 971,979 967,981 940,1000 898,983 890,981 887,981 885,981 883,981 877,983 844,1002 787,1002 744,988 731,983 729,983 727,983 702,988 627,1006 410,1006 393,996 383,988 381,988 379,988 377,988 329,996 331,1056"/>
        <Baseline points="331,1056 1409,1042"/>
        <TextEquiv>
          <Unicode>lozay peu ſage aborder la hauteſſe</Unicode>
        </TextEquiv>
      </TextLine>
      <TextLine id="eSc_line_e5ec9a7e" custom="structure {type:default;}">
        <Coords points="335,1152 335,1167 412,1181 414,1181 481,1165 489,1165 500,1165 585,1177 587,1177 648,1165 929,1177 931,1177 1021,1158 1023,1158 1025,1158 1067,1167 1069,1167 1127,1156 1133,1156 1140,1156 1217,1173 1219,1173 1292,1156 1377,1171 1379,1171 1529,1150 1532,1136 1527,1071 1469,1067 1467,1067 1465,1067 1463,1067 1463,1069 1459,1071 1442,1088 1379,1088 1292,1073 1259,1069 1256,1069 1254,1069 1244,1075 1213,1092 1188,1081 1186,1081 1183,1081 1181,1081 1179,1081 1179,1083 1169,1092 1131,1083 1129,1083 1006,1094 977,1079 967,1073 965,1073 963,1073 960,1073 958,1073 950,1079 923,1096 852,1094 840,1081 833,1077 833,1075 831,1075 829,1075 827,1075 779,1077 777,1077 775,1077 771,1081 748,1098 654,1083 621,1079 573,1079 571,1079 569,1079 566,1079 566,1081 560,1085 544,1102 429,1102 414,1088 408,1083 408,1081 406,1081 404,1081 402,1081 333,1088 335,1152"/>
        <Baseline points="335,1152 1532,1136"/>
        <TextEquiv>
          <Unicode>De ce Grand Roy qui ne treuue pareil</Unicode>
        </TextEquiv>
      </TextLine>
      <TextLine id="eSc_line_d38e9804" custom="structure {type:default;}">
        <Coords points="333,1242 333,1263 404,1284 406,1284 408,1284 410,1284 412,1284 435,1265 485,1284 487,1284 489,1284 491,1284 494,1284 529,1263 625,1281 627,1281 629,1281 685,1261 750,1279 752,1279 754,1279 756,1279 808,1259 908,1277 910,1277 912,1277 994,1256 1031,1275 1033,1275 1035,1277 1102,1277 1102,1275 1104,1275 1106,1275 1106,1273 1127,1254 1259,1273 1261,1273 1263,1273 1265,1273 1294,1252 1298,1252 1327,1252 1352,1269 1354,1269 1356,1269 1359,1269 1361,1269 1390,1259 1415,1267 1417,1267 1419,1267 1421,1267 1423,1267 1440,1252 1440,1227 1438,1179 1384,1158 1381,1158 1379,1158 1377,1158 1354,1169 1277,1158 1275,1158 1273,1158 1217,1181 1215,1181 1194,1163 1194,1161 1192,1161 1190,1161 1121,1161 1119,1161 1117,1161 1067,1173 1008,1163 1006,1163 1004,1163 967,1181 958,1186 946,1181 900,1169 898,1169 896,1169 894,1169 865,1183 858,1188 652,1188 637,1186 581,1169 579,1169 577,1169 575,1169 573,1169 554,1186 548,1192 429,1192 416,1186 391,1173 389,1173 387,1173 331,1186 333,1242"/>
        <Baseline points="333,1242 1440,1227"/>
        <TextEquiv>
          <Unicode>En quelque part que luyſe le ſoleil.</Unicode>
        </TextEquiv>
      </TextLine>
      <TextLine id="eSc_line_2f874e30" custom="structure {type:default;}">
        <Coords points="335,1336 335,1363 496,1354 516,1363 523,1365 525,1365 527,1365 529,1365 537,1363 564,1352 575,1363 581,1367 581,1369 583,1369 585,1369 587,1371 633,1371 633,1369 635,1369 637,1369 637,1367 644,1361 654,1352 742,1352 758,1361 767,1367 769,1367 771,1367 773,1369 867,1369 867,1367 869,1367 871,1367 871,1365 877,1359 887,1348 1040,1348 1056,1359 1063,1363 1065,1363 1067,1363 1069,1365 1131,1365 1131,1363 1133,1363 1148,1356 1181,1346 1215,1346 1229,1356 1236,1363 1238,1363 1240,1363 1242,1363 1244,1363 1263,1356 1304,1344 1423,1354 1425,1323 1421,1275 1279,1256 1277,1256 1275,1256 1273,1256 1273,1259 1259,1271 1246,1263 1244,1263 1242,1263 1240,1263 1238,1263 1196,1275 1111,1267 1108,1267 1040,1277 1035,1277 1029,1277 923,1261 921,1261 819,1263 817,1263 815,1263 787,1279 777,1279 583,1265 581,1265 579,1265 577,1265 558,1281 552,1281 508,1284 500,1281 458,1267 456,1267 454,1267 452,1267 421,1281 418,1284 414,1281 383,1267 381,1267 379,1267 377,1267 333,1281 335,1336"/>
        <Baseline points="335,1336 1425,1323"/>
        <TextEquiv>
          <Unicode>Ie l&#x27;arraiſonne, &amp; d&#x27;arrogance fole,</Unicode>
        </TextEquiv>
      </TextLine>
      <TextLine id="eSc_line_7c8d87e5" custom="structure {type:default;}">
        <Coords points="335,1434 335,1452 375,1452 396,1469 398,1469 400,1469 402,1469 558,1467 560,1467 596,1452 606,1448 621,1452 646,1459 648,1459 650,1459 652,1459 654,1459 662,1452 671,1446 835,1446 850,1452 871,1463 873,1463 875,1463 1031,1459 1033,1459 1035,1459 1042,1452 1056,1440 1150,1440 1190,1452 1202,1457 1204,1457 1206,1457 1208,1457 1217,1452 1244,1440 1313,1448 1315,1448 1317,1448 1348,1438 1365,1452 1367,1452 1369,1452 1371,1454 1419,1454 1419,1417 1415,1371 1373,1371 1350,1348 1350,1346 1348,1346 1346,1346 1321,1346 1319,1346 1317,1346 1315,1346 1277,1369 1148,1352 1146,1352 1144,1352 1142,1352 1119,1369 1098,1359 1096,1359 1094,1359 1092,1359 1065,1373 1042,1365 1040,1365 1038,1365 1035,1365 1002,1375 979,1354 979,1352 977,1352 975,1352 875,1352 873,1352 871,1352 792,1377 742,1354 739,1354 737,1354 500,1381 473,1359 471,1359 469,1359 466,1359 333,1386 335,1434"/>
        <Baseline points="335,1434 1419,1417"/>
        <TextEquiv>
          <Unicode>A ſa grandeur adreſſay ma parole,</Unicode>
        </TextEquiv>
      </TextLine>
      <TextLine id="eSc_line_f6a28585" custom="structure {type:default;}">
        <Coords points="337,1523 337,1534 410,1557 412,1557 414,1559 456,1559 456,1557 458,1557 460,1557 494,1538 617,1538 635,1552 635,1554 637,1554 639,1554 642,1557 689,1557 689,1554 692,1554 694,1554 694,1552 710,1540 925,1552 927,1552 929,1552 931,1552 931,1550 944,1540 954,1532 994,1540 1008,1542 1010,1542 1027,1540 1090,1529 1148,1542 1156,1542 1158,1542 1171,1542 1267,1527 1388,1538 1390,1538 1555,1527 1632,1544 1634,1511 1630,1465 1475,1442 1473,1442 1471,1442 1469,1442 1438,1463 1417,1444 1415,1444 1413,1444 1298,1444 1296,1444 1294,1444 1292,1444 1271,1461 1150,1446 1148,1446 1146,1446 1102,1467 1019,1457 1017,1457 1015,1457 979,1471 852,1471 706,1450 704,1450 702,1450 700,1450 671,1471 581,1461 579,1461 577,1461 548,1475 429,1475 404,1452 402,1452 400,1452 371,1452 368,1452 366,1452 364,1452 335,1471 337,1523"/>
        <Baseline points="337,1523 1634,1511"/>
        <TextEquiv>
          <Unicode>Luy remonſtrant qu&#x27;apres tant de bonheur,</Unicode>
        </TextEquiv>
      </TextLine>
      <TextLine id="eSc_line_84860365" custom="structure {type:default;}">
        <Coords points="335,1617 335,1632 418,1632 423,1634 452,1646 454,1646 456,1646 458,1646 506,1634 527,1630 569,1634 621,1640 623,1640 658,1636 677,1632 683,1636 694,1644 696,1644 698,1644 700,1644 702,1644 727,1636 739,1632 750,1636 783,1646 785,1646 787,1648 908,1648 908,1646 988,1638 1100,1623 1179,1638 1204,1642 1206,1642 1208,1642 1221,1638 1269,1623 1306,1638 1309,1638 1311,1638 1313,1638 1373,1621 1444,1621 1479,1640 1486,1605 1482,1550 1356,1534 1354,1534 1352,1534 1296,1550 1286,1552 1277,1550 1244,1536 1242,1536 1240,1536 1238,1536 1181,1550 1171,1552 1161,1550 1125,1540 1123,1540 1121,1540 1119,1540 1098,1550 1090,1554 1035,1554 1033,1550 1023,1542 1023,1540 1021,1540 1019,1540 1017,1540 1015,1540 975,1550 973,1550 960,1538 958,1538 956,1538 923,1538 921,1538 919,1538 917,1538 917,1540 904,1550 898,1557 881,1550 848,1540 846,1540 844,1540 767,1550 710,1559 664,1550 614,1542 541,1542 539,1542 537,1542 514,1550 487,1563 425,1563 414,1550 408,1546 408,1544 406,1544 404,1544 402,1544 333,1550 335,1617"/>
        <Baseline points="335,1617 1486,1605"/>
        <TextEquiv>
          <Unicode>Dont l&#x27;Eternel treſiuſte guerdonneur,</Unicode>
        </TextEquiv>
      </TextLine>
      <TextLine id="eSc_line_90a17388" custom="structure {type:default;}">
        <Coords points="341,1709 341,1730 487,1730 489,1730 533,1748 535,1748 537,1748 627,1746 629,1746 662,1732 671,1728 744,1728 748,1732 762,1744 762,1746 764,1746 767,1746 769,1746 771,1746 798,1732 810,1725 825,1732 850,1744 852,1744 854,1744 927,1734 967,1728 985,1734 1008,1742 1010,1742 1013,1742 1015,1742 1038,1734 1058,1728 1096,1734 1140,1742 1142,1742 1144,1742 1161,1736 1186,1723 1411,1736 1413,1698 1409,1650 1323,1650 1321,1648 1286,1630 1284,1630 1281,1630 1279,1630 1277,1630 1277,1632 1263,1644 1246,1636 1244,1636 1242,1636 1240,1636 1202,1648 1192,1652 1081,1652 1077,1648 1058,1632 1056,1632 1054,1632 1052,1632 967,1638 965,1638 963,1638 950,1646 942,1652 910,1646 885,1642 883,1642 881,1642 869,1646 858,1650 850,1646 825,1634 823,1634 821,1634 819,1634 787,1646 762,1657 706,1657 696,1646 687,1638 687,1636 685,1636 683,1636 600,1636 598,1636 596,1636 579,1644 558,1655 539,1644 525,1638 523,1638 491,1638 489,1638 487,1638 485,1638 479,1644 462,1659 435,1659 421,1644 418,1642 418,1640 416,1640 414,1640 412,1640 339,1642 341,1709"/>
        <Baseline points="341,1709 1413,1698"/>
        <TextEquiv>
          <Unicode>Ua beniſſant ſa proüeſſe guerriere,</Unicode>
        </TextEquiv>
      </TextLine>
      <TextLine id="eSc_line_c88b43e5" custom="structure {type:default;}">
        <Coords points="337,1803 337,1819 414,1819 418,1821 462,1838 464,1838 466,1838 496,1836 498,1836 500,1836 500,1834 512,1821 516,1817 533,1821 560,1825 562,1825 608,1821 662,1815 673,1821 689,1830 692,1830 694,1830 696,1830 698,1830 712,1821 719,1817 735,1821 777,1832 779,1832 781,1832 783,1832 785,1832 785,1830 794,1821 800,1813 815,1821 833,1830 835,1830 837,1830 840,1830 858,1821 877,1813 890,1821 896,1825 898,1825 900,1825 1006,1830 1008,1830 1100,1828 1102,1828 1104,1828 1104,1825 1108,1821 1121,1807 1192,1807 1219,1819 1221,1819 1223,1819 1319,1805 1407,1821 1411,1786 1404,1738 1346,1738 1342,1738 1294,1719 1292,1719 1290,1719 1288,1719 1286,1719 1263,1738 1261,1738 1175,1721 1173,1721 1171,1721 1136,1740 1129,1742 1096,1740 1015,1732 1013,1732 1010,1732 992,1740 983,1744 963,1740 892,1725 890,1725 887,1725 885,1725 860,1742 850,1746 817,1742 777,1736 775,1736 773,1736 754,1742 733,1748 714,1742 681,1730 679,1730 629,1730 627,1730 625,1730 623,1730 606,1742 596,1753 502,1753 483,1744 454,1734 452,1734 450,1734 335,1744 337,1803"/>
        <Baseline points="337,1803 1411,1786"/>
        <TextEquiv>
          <Unicode>Il luy restoit pour empriſe derniere.</Unicode>
        </TextEquiv>
      </TextLine>
      <TextLine id="eSc_line_aa8aa0f0" custom="structure {type:default;}">
        <Coords points="341,1896 341,1917 421,1915 429,1917 462,1932 464,1932 466,1932 469,1932 502,1917 512,1911 602,1911 629,1917 681,1928 683,1928 685,1928 719,1915 729,1913 756,1915 850,1926 852,1926 912,1915 933,1911 946,1915 975,1923 977,1923 979,1923 981,1923 983,1923 998,1913 1015,1905 1167,1905 1190,1913 1208,1919 1211,1919 1213,1919 1254,1917 1256,1917 1259,1917 1259,1915 1263,1913 1275,1901 1313,1911 1315,1911 1317,1911 1319,1911 1417,1898 1467,1911 1486,1915 1488,1915 1490,1915 1492,1915 1502,1911 1534,1896 1617,1909 1619,1876 1615,1823 1515,1800 1513,1800 1511,1800 1509,1800 1509,1803 1498,1811 1404,1803 1402,1803 1400,1803 1398,1803 1398,1805 1388,1815 1365,1805 1363,1805 1361,1805 1359,1805 1356,1805 1356,1807 1338,1825 1329,1825 1217,1815 1215,1815 1213,1815 1211,1815 1211,1817 1200,1825 1198,1830 1048,1830 1044,1828 1021,1809 1019,1809 1017,1809 1015,1809 1013,1809 965,1830 960,1830 954,1830 867,1811 865,1811 862,1811 835,1825 781,1817 779,1817 777,1817 737,1832 723,1836 712,1832 681,1815 679,1815 608,1815 606,1815 604,1815 602,1815 602,1817 585,1832 583,1836 535,1840 469,1840 458,1834 431,1819 429,1819 358,1819 356,1819 354,1819 352,1819 339,1828 341,1896"/>
        <Baseline points="341,1896 1619,1876"/>
        <TextEquiv>
          <Unicode>D&#x27;aymer la Muſe, &amp; ceux qui d&#x27;elle ſont</Unicode>
        </TextEquiv>
      </TextLine>
      <TextLine id="eSc_line_7e89310e" custom="structure {type:default;}">
        <Coords points="343,1990 343,2005 373,2019 375,2019 377,2019 379,2019 381,2019 381,2017 396,2005 398,2005 437,2005 439,2005 483,2019 485,2019 487,2019 489,2019 519,2005 523,2003 554,2005 692,2015 694,2017 796,2017 796,2015 798,2015 835,2003 854,1996 1031,1996 1073,2003 1123,2011 1125,2013 1183,2013 1183,2011 1186,2011 1204,2003 1223,1994 1256,2003 1279,2007 1281,2007 1521,2001 1521,1976 1517,1923 1448,1923 1446,1921 1423,1905 1421,1905 1419,1905 1417,1905 1415,1905 1377,1917 1254,1905 1252,1905 1250,1905 1248,1905 1225,1919 1186,1905 1183,1905 1181,1905 1179,1905 1177,1905 1156,1921 1152,1923 1144,1921 1123,1913 1121,1913 1119,1913 1117,1913 1096,1919 1077,1926 1023,1926 1017,1919 1004,1909 1002,1909 1000,1909 896,1909 894,1909 892,1909 890,1909 890,1911 879,1919 871,1930 844,1930 785,1919 746,1911 744,1911 742,1911 719,1917 673,1934 596,1934 581,1919 579,1919 577,1919 575,1919 508,1934 448,1917 441,1915 439,1915 437,1915 341,1915 343,1990"/>
        <Baseline points="343,1990 1521,1976"/>
        <TextEquiv>
          <Unicode>Nourris au ſein de Parnaſſe le mont,</Unicode>
        </TextEquiv>
      </TextLine>
      <TextLine id="eSc_line_179f63c7" custom="structure {type:default;}">
        <Coords points="346,2080 346,2096 393,2096 408,2109 410,2109 412,2109 414,2109 541,2094 662,2107 664,2107 667,2107 669,2107 669,2105 671,2105 681,2092 831,2105 833,2105 835,2105 862,2090 946,2099 948,2099 1065,2088 1142,2101 1144,2101 1213,2086 1261,2099 1263,2099 1265,2099 1379,2088 1411,2096 1413,2096 1415,2096 1504,2080 1504,2065 1500,2015 1402,2015 1379,1994 1377,1994 1375,1994 1338,1994 1336,1994 1334,1994 1331,1994 1296,2015 1250,2003 1248,2003 1246,2003 1244,2003 1227,2011 1069,1998 1067,1998 1065,1998 1031,2017 1010,1998 1008,1998 1006,1998 1004,1998 1002,1998 946,2021 827,2021 798,2003 796,2003 794,2003 792,2003 790,2003 787,2003 760,2021 604,2005 602,2005 600,2005 598,2005 575,2023 496,2007 494,2007 491,2007 441,2021 368,2007 366,2007 364,2007 362,2007 362,2009 343,2023 346,2080"/>
        <Baseline points="346,2080 1504,2065"/>
        <TextEquiv>
          <Unicode>Enfans du ciel, que le destin ordonne</Unicode>
        </TextEquiv>
      </TextLine>
      <TextLine id="eSc_line_226b6fe1" custom="structure {type:default;}">
        <Coords points="1638,2105 1486,2096 1484,2096 1436,2107 1417,2092 1417,2090 1415,2090 1413,2090 1259,2090 1256,2090 1254,2090 1208,2107 1188,2094 1186,2094 1183,2094 1181,2094 1179,2094 1154,2109 1152,2109 1148,2109 1090,2092 1088,2092 1086,2092 1083,2092 1081,2092 1081,2094 1065,2109 1021,2096 1019,2096 1017,2096 958,2109 923,2094 921,2094 919,2094 917,2094 879,2109 877,2111 877,2109 858,2094 856,2094 854,2094 821,2094 819,2094 817,2094 777,2107 692,2096 689,2096 687,2096 685,2096 685,2099 671,2111 667,2115 448,2115 439,2111 391,2099 389,2099 387,2099 385,2099 346,2111 348,2171 348,2184 516,2203 519,2203 521,2203 562,2186 564,2186 581,2186 775,2201 777,2201 779,2201 823,2188 848,2182 971,2188 1102,2197 1104,2197 1146,2190 1208,2180 1234,2190 1246,2197 1248,2197 1250,2197 1290,2194 1292,2194 1294,2194 1298,2190 1315,2178 1438,2192 1467,2194 1469,2194 1471,2194 1477,2192 1509,2176 1525,2190 1527,2190 1529,2190 1532,2190 1534,2190 1555,2182 1657,2192 1659,2161 1657,2117 1638,2105"/>
        <Baseline points="348,2171 1088,2159 1659,2161"/>
        <TextEquiv>
          <Unicode>Ornement ſainct d&#x27;vne heureuſe couronne,</Unicode>
        </TextEquiv>
      </TextLine>
      <TextLine id="eSc_line_751c0c50" custom="structure {type:default;}">
        <Coords points="350,2267 350,2280 498,2282 521,2297 523,2297 525,2297 527,2299 583,2299 583,2297 585,2297 614,2282 623,2278 629,2282 644,2294 646,2294 648,2294 650,2294 717,2282 754,2276 764,2282 779,2292 781,2292 783,2292 785,2294 829,2294 829,2292 831,2292 860,2282 892,2274 942,2284 950,2284 952,2284 954,2284 956,2284 977,2272 1158,2269 1183,2282 1186,2282 1188,2282 1190,2282 1213,2272 1246,2284 1252,2286 1254,2286 1256,2286 1259,2286 1265,2284 1300,2274 1377,2284 1379,2255 1375,2194 1259,2194 1213,2180 1211,2180 1208,2180 1206,2180 1161,2192 1111,2180 1108,2180 1106,2180 983,2197 915,2182 912,2182 910,2182 881,2194 819,2184 817,2184 815,2184 785,2199 733,2186 731,2186 729,2186 727,2186 696,2203 694,2205 644,2205 644,2203 623,2186 621,2186 619,2186 617,2186 496,2205 481,2207 466,2205 373,2190 371,2190 368,2190 366,2190 348,2201 350,2267"/>
        <Baseline points="350,2267 1006,2253 1379,2255"/>
        <TextEquiv>
          <Unicode>Fauoriſant les faicts victorieux,</Unicode>
        </TextEquiv>
      </TextLine>
      <TextLine id="eSc_line_dae7e04a" custom="structure {type:default;}">
        <Coords points="1763,2294 1750,2288 1657,2288 1627,2272 1625,2272 1573,2272 1571,2272 1569,2272 1538,2288 1532,2290 1521,2288 1475,2274 1473,2274 1471,2274 1469,2274 1467,2274 1450,2288 1444,2294 1329,2297 1267,2297 1252,2288 1234,2278 1231,2278 1229,2278 1227,2278 1188,2288 1183,2288 1167,2288 1023,2280 1021,2280 1019,2280 1017,2280 1004,2288 983,2301 935,2288 908,2282 906,2282 904,2282 902,2282 900,2282 900,2284 894,2288 879,2303 823,2303 800,2288 794,2284 792,2284 790,2284 733,2284 731,2284 702,2288 600,2307 346,2290 348,2361 348,2384 485,2380 502,2384 523,2392 525,2392 527,2392 569,2384 600,2378 610,2384 623,2392 625,2392 627,2392 629,2395 681,2395 681,2392 683,2392 685,2392 700,2382 712,2376 790,2382 835,2384 837,2384 862,2380 912,2372 923,2380 935,2388 938,2388 940,2388 942,2390 994,2390 994,2388 1063,2378 1127,2367 1171,2376 1213,2384 1215,2384 1217,2384 1242,2376 1269,2365 1319,2374 1365,2382 1367,2382 1432,2372 1469,2367 1484,2372 1504,2380 1507,2380 1509,2380 1586,2370 1675,2359 1717,2370 1748,2376 1750,2376 1753,2376 1773,2367 1773,2338 1769,2299 1763,2294"/>
        <Baseline points="348,2361 1773,2338"/>
        <TextEquiv>
          <Unicode>De ceux qu&#x27;il veut aſſeoir au rang des dieux.</Unicode>
        </TextEquiv>
      </TextLine>
      <TextLine id="eSc_line_029e3279" custom="structure {type:default;}">
        <Coords points="352,2453 352,2472 466,2486 469,2486 471,2486 521,2470 523,2470 544,2484 546,2484 548,2484 550,2486 646,2486 646,2484 648,2484 689,2467 692,2467 698,2467 798,2480 800,2480 871,2465 902,2480 904,2480 906,2482 971,2482 971,2480 973,2480 1033,2463 1038,2463 1319,2476 1321,2476 1323,2476 1325,2476 1348,2459 1484,2459 1538,2474 1540,2474 1542,2474 1684,2472 1686,2472 1688,2472 1713,2455 1713,2436 1709,2386 1544,2365 1542,2365 1450,2367 1448,2367 1446,2367 1421,2386 1419,2388 1275,2388 1271,2388 1202,2370 1200,2370 1198,2370 1127,2384 1065,2372 1063,2372 1060,2372 1058,2372 1058,2374 1042,2388 1038,2390 1029,2388 998,2382 996,2382 994,2382 992,2382 985,2388 979,2395 896,2395 887,2388 862,2376 860,2376 858,2376 737,2386 698,2376 696,2376 694,2376 692,2376 689,2376 689,2378 675,2390 667,2397 631,2390 614,2388 612,2388 569,2390 450,2399 435,2390 418,2380 416,2380 414,2380 412,2380 350,2390 352,2453"/>
        <Baseline points="352,2453 1713,2436"/>
        <TextEquiv>
          <Unicode>Puis tout d&#x27;vn coup redoublant mon haleine,</Unicode>
        </TextEquiv>
      </TextLine>
      <TextLine id="eSc_line_ef5b5cd7" custom="structure {type:default;}">
        <Coords points="352,2545 352,2561 452,2574 454,2574 573,2563 621,2559 652,2563 731,2576 733,2576 735,2576 737,2576 737,2574 739,2574 748,2563 752,2557 781,2563 812,2570 815,2570 871,2563 938,2557 985,2565 1033,2572 1035,2572 1038,2572 1050,2565 1071,2553 1161,2553 1175,2565 1179,2568 1179,2570 1181,2570 1183,2570 1186,2572 1229,2572 1229,2570 1252,2565 1309,2553 1336,2565 1340,2568 1342,2568 1344,2568 1550,2565 1552,2534 1550,2482 1459,2470 1457,2470 1454,2470 1452,2470 1436,2482 1361,2474 1359,2474 1356,2474 1315,2484 1313,2484 1284,2465 1281,2465 1279,2465 1192,2465 1190,2465 1188,2465 1186,2465 1186,2467 1173,2478 1138,2465 1136,2465 1133,2465 1131,2465 1098,2478 1015,2467 1013,2467 1010,2467 933,2490 783,2490 744,2470 742,2470 739,2470 694,2472 692,2472 689,2472 667,2492 631,2492 598,2472 596,2472 594,2472 591,2472 589,2472 587,2472 560,2492 427,2492 381,2474 379,2474 377,2474 375,2474 373,2474 350,2490 352,2545"/>
        <Baseline points="352,2545 1067,2532 1552,2534"/>
        <TextEquiv>
          <Unicode>le me transforme en grauité Romaine,</Unicode>
        </TextEquiv>
      </TextLine>
      <TextLine id="eSc_line_ba0fcad9" custom="structure {type:default;}">
        <Coords points="360,2636 360,2670 512,2655 627,2666 656,2668 658,2668 698,2663 831,2651 917,2651 938,2659 948,2663 950,2663 952,2663 1033,2661 1035,2661 1038,2661 1038,2659 1040,2657 1048,2651 1094,2657 1119,2659 1121,2659 1123,2659 1133,2655 1158,2645 1277,2645 1290,2653 1294,2657 1296,2657 1298,2657 1300,2659 1381,2659 1381,2657 1384,2657 1398,2651 1419,2643 1555,2647 1557,2620 1552,2570 1461,2555 1459,2555 1457,2555 1429,2570 1427,2570 1425,2570 1367,2557 1365,2557 1363,2557 1334,2570 1329,2572 1325,2570 1309,2563 1306,2563 1304,2563 1269,2570 1254,2574 1246,2572 1231,2565 1229,2565 1227,2565 1121,2572 1046,2576 1035,2572 1017,2565 1015,2565 1013,2565 963,2574 927,2578 921,2574 910,2565 908,2565 906,2565 827,2563 825,2563 823,2563 798,2574 783,2582 656,2582 644,2576 629,2568 627,2568 541,2568 539,2568 537,2568 521,2576 504,2584 458,2576 416,2570 414,2570 358,2576 360,2636"/>
        <Baseline points="360,2636 1557,2620"/>
        <TextEquiv>
          <Unicode>Prens longue robe, &amp; nouueau citoien</Unicode>
        </TextEquiv>
      </TextLine>
      <TextLine id="eSc_line_ee29cf45" custom="structure {type:default;}">
        <Coords points="360,2732 360,2747 460,2747 485,2763 487,2763 489,2763 491,2763 569,2747 571,2747 629,2755 631,2755 633,2755 635,2755 635,2753 644,2747 646,2745 654,2747 723,2759 725,2759 890,2757 892,2757 894,2757 908,2747 919,2741 942,2747 979,2757 981,2757 983,2757 985,2757 1021,2747 1054,2738 1096,2747 1127,2753 1129,2753 1131,2753 1133,2753 1142,2747 1148,2743 1167,2747 1190,2753 1192,2753 1194,2753 1400,2747 1400,2720 1396,2668 1263,2647 1261,2647 1259,2647 1213,2670 1165,2670 1131,2649 1129,2649 1127,2649 1083,2649 1081,2649 1079,2649 1042,2668 1019,2651 1017,2651 1015,2651 973,2651 971,2651 875,2672 827,2653 825,2653 823,2653 777,2657 775,2657 773,2657 773,2659 758,2672 637,2655 635,2655 633,2655 583,2676 516,2676 473,2657 471,2657 469,2657 466,2657 429,2674 412,2659 412,2657 410,2657 408,2657 406,2657 373,2659 371,2659 368,2659 368,2661 366,2661 358,2670 360,2732"/>
        <Baseline points="360,2732 1400,2720"/>
        <TextEquiv>
          <Unicode>Tel que Virgille, ou le Uenuſien,</Unicode>
        </TextEquiv>
      </TextLine>
      <TextLine id="eSc_line_c6ad828e" custom="structure {type:default;}">
        <Coords points="360,2824 360,2847 483,2861 485,2861 487,2861 489,2861 489,2859 504,2847 508,2841 548,2839 733,2845 775,2845 777,2845 779,2845 783,2845 812,2834 829,2843 854,2857 856,2857 858,2859 988,2859 988,2857 990,2857 992,2857 1013,2841 1027,2832 1067,2841 1115,2851 1117,2851 1119,2851 1144,2841 1163,2832 1200,2841 1227,2845 1229,2845 1231,2845 1250,2839 1279,2830 1290,2839 1309,2853 1311,2853 1313,2853 1315,2853 1452,2836 1454,2814 1450,2766 1313,2745 1311,2745 1309,2745 1273,2763 1236,2745 1234,2745 1231,2745 1229,2745 1161,2763 1148,2766 1144,2763 1136,2755 1133,2755 1131,2755 1129,2755 1073,2761 1048,2766 1044,2761 1027,2749 1027,2747 1025,2747 1023,2747 1021,2747 981,2749 979,2749 977,2749 977,2751 965,2761 958,2768 931,2761 871,2749 869,2749 767,2751 764,2751 762,2751 752,2761 750,2763 744,2761 721,2751 719,2751 717,2751 714,2751 712,2751 712,2753 704,2759 694,2770 669,2759 654,2755 652,2755 650,2755 617,2759 537,2772 358,2759 360,2824"/>
        <Baseline points="360,2824 1454,2814"/>
        <TextEquiv>
          <Unicode>Impatient d&#x27;allaigreſſe, &amp; de ioye,</Unicode>
        </TextEquiv>
      </TextLine>
      <TextLine id="eSc_line_f2cab2b5" custom="structure {type:default;}">
        <Coords points="1590,2864 1575,2855 1411,2855 1373,2836 1371,2836 1369,2836 1367,2836 1304,2855 1302,2855 1300,2855 1177,2839 1175,2839 1173,2839 1171,2839 1171,2841 1158,2851 1146,2843 1144,2843 1142,2843 1140,2843 1138,2843 1102,2857 1071,2839 1069,2839 1067,2839 1065,2839 1063,2839 1000,2857 992,2859 975,2857 912,2849 910,2849 817,2859 787,2861 783,2859 767,2845 767,2843 764,2843 762,2843 714,2843 712,2843 710,2843 679,2859 671,2864 660,2859 625,2845 623,2845 621,2845 619,2845 575,2859 539,2845 537,2845 535,2845 491,2847 489,2847 487,2847 469,2861 462,2866 443,2861 391,2847 389,2847 387,2847 385,2847 360,2857 362,2920 362,2949 433,2939 502,2949 535,2953 537,2953 617,2947 737,2934 758,2943 771,2947 773,2947 775,2947 777,2947 794,2941 808,2936 815,2941 823,2949 825,2949 827,2949 829,2949 940,2947 942,2947 944,2947 954,2939 965,2932 1000,2936 1052,2943 1054,2943 1106,2934 1133,2930 1148,2932 1192,2945 1194,2945 1196,2945 1359,2941 1361,2941 1363,2941 1379,2930 1544,2941 1546,2941 1548,2941 1598,2922 1598,2905 1592,2866 1590,2864"/>
        <Baseline points="362,2920 1598,2905"/>
        <TextEquiv>
          <Unicode>Ie chante l&#x27;heur que le ciel nous enuoye</Unicode>
        </TextEquiv>
      </TextLine>
      <TextLine id="eSc_line_8b73abf1" custom="structure {type:default;}">
        <Coords points="371,3012 371,3047 525,3026 700,3026 714,3039 714,3041 717,3041 719,3041 771,3043 773,3043 815,3037 902,3024 921,3034 933,3041 935,3041 938,3041 996,3039 998,3039 1000,3039 1008,3032 1029,3022 1158,3022 1167,3028 1175,3037 1177,3037 1179,3037 1181,3037 1338,3024 1356,3024 1363,3024 1421,3034 1423,3034 1425,3034 1446,3022 1446,2997 1442,2949 1140,2928 1138,2928 1136,2928 1133,2928 1133,2930 1115,2945 1092,2930 1090,2930 1088,2930 1086,2930 1019,2945 979,2955 902,2955 885,2943 875,2936 873,2936 871,2936 869,2936 867,2936 842,2943 815,2951 796,2943 777,2934 775,2934 675,2934 673,2934 671,2934 652,2943 644,2945 633,2943 614,2936 612,2936 610,2936 608,2936 596,2941 562,2959 456,2959 368,2941 371,3012"/>
        <Baseline points="371,3012 1446,2997"/>
        <TextEquiv>
          <Unicode>Par ce bel aſtre en qui reluiſt encor</Unicode>
        </TextEquiv>
      </TextLine>
      <TextLine id="eSc_line_6bd3d461" custom="structure {type:default;}">
        <Coords points="371,3105 371,3153 673,3151 675,3151 677,3151 677,3149 679,3149 700,3128 777,3122 860,3132 862,3132 865,3132 867,3132 879,3120 1071,3120 1113,3137 1115,3137 1117,3137 1119,3137 1167,3118 1213,3135 1219,3137 1221,3137 1223,3137 1225,3137 1231,3135 1267,3122 1298,3132 1311,3137 1313,3137 1315,3137 1317,3137 1319,3137 1323,3132 1340,3120 1363,3128 1365,3128 1367,3128 1369,3128 1409,3116 1454,3128 1484,3137 1486,3137 1488,3137 1529,3126 1532,3093 1525,3037 1459,3041 1448,3037 1421,3022 1419,3022 1417,3022 1415,3022 1413,3022 1390,3037 1381,3041 1371,3037 1338,3022 1336,3022 1334,3022 1331,3022 1300,3037 1288,3024 1286,3024 1284,3024 1213,3024 1211,3024 1208,3024 1167,3037 1138,3047 810,3047 796,3039 781,3028 779,3028 777,3028 775,3028 773,3028 744,3039 739,3039 735,3039 696,3030 694,3030 692,3030 675,3039 654,3049 639,3039 629,3030 627,3030 625,3030 623,3030 621,3030 602,3039 581,3049 569,3039 562,3032 560,3032 558,3032 556,3032 368,3039 371,3105"/>
        <Baseline points="371,3105 1532,3093"/>
        <TextEquiv>
          <Unicode>Eſpoir de faire vn nouueau ſiecle d&#x27;or</Unicode>
        </TextEquiv>
      </TextLine>
      <TextLine id="eSc_line_cfaa7158" custom="structure {type:default;}">
        <Coords points="1705,3112 1494,3118 1494,3193 1494,3220 1582,3214 1609,3230 1613,3232 1615,3232 1617,3232 1721,3237 1723,3193 1721,3114 1705,3112"/>
        <Baseline points="1494,3193 1723,3193"/>
        <TextEquiv>
          <Unicode>A iij</Unicode>
        </TextEquiv>
      </TextLine>
    </TextRegion>
  </Page>
</PcGts>
