2576 3752
1370 293 1436 347 4
700 335 1910 441 Et ne veut point qu'ainſy ſa douce cure
705 431 1896 537 I'aille rampant parmy la tourbe obſcure
707 519 1783 627 Du populaire, ainçois loin à l'eſcart
709 621 1981 721 Du commun trouble, auec moy ſe depart.
711 706 1875 810 M'admoneſtant: il ne faut, ce dit elle,
719 808 1952 908 Que toy qui ſers vne dame immortelle,
713 894 1973 1004 Fille à ce dieu qui tient le foudre en main,
717 994 1985 1081 Sois de cœur bas retenant trop d'humain.
715 1075 1973 1181 Humble vergongne eſt volontiers louable,
715 1173 1672 1279 En cil qui n'a deité fauorable.
719 1269 2229 1377 Mais toy que i'ayme autant que mes deux yeux:
730 1363 1789 1461 A qui iay mis le nectar precieux
719 1448 1962 1557 Dedans la bouche encor toute enfantine,
719 1544 1873 1650 Te deſcouurant ma muſique diuine,
717 1638 1729 1740 Er ces accords les plus delicieux
721 1730 2146 1836 Oui vont charmant les hommes, & les dieux,
719 1819 1877 1928 Auras tu crainte, & laſcheté mal ſage
721 1917 1785 2023 Logera t'elle en ton foible courage?
721 2009 2016 2117 Non non, mon fils il faut ta voix hauſſer;
719 2105 1875 2211 Et courageux aux princes t'adreſſer:
717 2190 2094 2301 Leur los chanter, leur bon heur, & la gloire
730 2290 1960 2397 Qui va ſuyuant vne heureuſe victoire:
721 2382 1885 2490 N'imaginer qu'armes, & que lauriers
719 2472 2008 2584 Naiſſans parmy les eſquadrons guerriers,
721 2565 2146 2678 Des Roys veinqueurs: car c'eſt l'obiet vnique
719 2653 2008 2772 Digne apres Dieu du haut ſtyle heroïque.
719 2747 1948 2859 Oze mon filz. touſiours ſuccés heureux
717 2845 1906 2959 Eſt compaignon d'vn eſprit genereux.
717 2932 1737 3047 Ainſi me dit cette ſuperbe dame,
723 3028 2094 3170 Qui tout d'orgueil, & d'audace m'enflame.
