2596 3752
1441 250 1520 312 6
727 325 2012 423 Tel que iadis, quand l'innocence au monde
729 416 1941 519 Simple marchoit ſeurement vagabonde.
729 500 2012 616 Champs blondiſſoient de gros eſpics dorez,
729 600 2068 708 Foreſts chargeoient de bons fruists ſauourez.
731 698 2210 808 Mais comme vn homme à qui le ſommeil plonge
729 790 1943 898 L'entendement aux tenebres d'vn ſonge,
727 875 1780 994 De vif eſprit, & de ſang allumé,
729 973 1807 1075 Semble voler à dos bien emplumé:
729 1065 2030 1177 Haut il s'eſleue, & parmy l'air grand erre
731 1163 1868 1263 Se lance viſte, & dedaigne la terre:
736 1252 1947 1365 Puis reſueillé tout d'vn coup en ſurſaut
729 1344 1960 1459 Giſt eſtourdy de ſe veoir tout d'vn ſaut,
727 1438 1941 1554 Deſſus ſa couche, & langoureux accuſe
727 1532 1793 1652 Le ſonge vain qui ſon eſprit abuſe.
729 1634 1722 1740 Ainſi apres ce furieux tranſport,
744 1719 1778 1836 Que la raiſon a regaigné ſon fort,
729 1811 1901 1926 Froid, & raßis ie recognoy ma faute,
727 1903 1907 2011 Et blaſme ainſi mon audace peu caute:
727 1994 1789 2109 Ha! pauure fol inſenſé, tu cuidoys
727 2092 1791 2197 Ia retenir l'oreille des grands Roys
727 2178 1947 2294 Au ſoin public nuict & iour ententiue,
731 2280 1768 2384 Pour eſcouter vne chanſon oyſiue.
731 2365 2026 2488 Simple & großier, le beau Soleil n'eſt pas
733 2461 1782 2572 Tant reculé de ce monde plus bas,
731 2559 2043 2674 Que tu t'abuſe, & que ta voix peu forte,
727 2647 1874 2759 Ains qu'arriuer illec, tresbuche morte.
727 2743 1770 2857 Mais fol aduis, & trop legere foy
727 2834 1991 2953 Troublent ton ſens, & te donnent eſmoy.
727 2924 1928 3055 Doux eſt le chant du roßignol ſauuage,
725 3024 1868 3172 Et des oyſeaux qui logent au bocage:
