2628 3728
364 729 1875 903 A MONSEIGNEVR
491 880 1786 996 L'EVESQVE D'EVR E VX.
715 1047 1796 1166 Igne Prelat que la bonté des cieux
712 1151 1788 1257 Dŏne à la Frăce, en ce tĕps vicieux,
723 1238 1798 1362 Comme vn Hercule à la maſſe fatale
756 1335 1697 1445 Pour atterrer l'audace Gigantale
356 1429 1521 1549 Des monſtres fiers, qui de l'abyſme eſclos
356 1526 1664 1642 Aſſaillent CHRIST, & troublent le repos:
358 1619 1546 1719 Si oncd', la Muſe en ta force plus viue,
356 1710 1500 1818 D'vn doux lien tint ton ame Captiue,
356 1799 1432 1907 T'outra le cœur, & te feit ſouſpirer
360 1903 1535 2011 Ces vers qu'aſſez on ne peut admirer,
360 1990 1438 2104 Oy ie te prie, & benin ne dédaigne
358 2081 1479 2193 Preſter l'oreille à ma muſe compaigne
370 2168 1475 2288 Qui te ſalüe, & te donne bon iour,
366 2263 1587 2379 S'offrant parmy tant d'affaires de Cour,
360 2361 1600 2468 D'eſtudes ſaints qui bien feront entendre
360 2452 1643 2568 A noz nepueux, que tu ſçauois defendre,
366 2545 1471 2655 Zelé pasteur, le troupeau periſſant,
357 2631 1383 2743 Contre l'effort du lion rugiſſant.
375 2740 1562 2839 Or ceſte dame en qui des mon enfance,
387 2829 1776 2949 Poſey mon cœur, ſans qu'ailleurs il s'eſlance,
370 2924 1521 3034 Race cœleſte, & pure, comme il faut,
370 3023 1527 3160 A l'ame braue, & le courage haut:
1459 3125 1629 3241 A ij
1113 177 1191 319 3
