2616 3752
1023 247 1092 297 6
264 298 1421 406 Le luth agrée, & la Muſique encor,
264 385 1598 502 Mais bien à temps ſe taire eſt plus que l'or.
262 481 1356 594 Lors de rechef la Muſe me conſole,
264 575 1284 687 Et me reprend d'vne telle parole:
266 667 1484 781 Mon fils touſiours le foible entendement
264 767 1421 871 Du iouuenceau, tremble premierement
266 852 1569 977 En bonne affaire, & luy faut l'aſſeurance
266 960 1467 1056 De l'homme meur d longue experience.
270 1035 1348 1161 Gloire ſuperbe, & royalle ſplendeur
264 1136 1536 1256 Bleſſent tes yeux compagnes de grandeur,
268 1233 1304 1344 Si qu'esblouy d'vne telle lumiere,
270 1323 1465 1444 Tu perds courage, & rebrouſſes arriere.
266 1429 1356 1534 Mais ie te prie eſcoute mon propos,
268 1515 1261 1621 Et tu verras ton eſprit à repos.
273 1600 1467 1709 Veis tu iamais en la chaleur plus forte,
268 1690 1563 1809 Lors que le Cancre au Soleil faict eſcorte,
268 1786 1338 1898 En plein Midy viuement deſcocher
268 1880 1417 1984 Les traicts ardens de ce diuin archer?
266 1969 1557 2090 Drus, & menus, coup ſur coup il les verſe
268 2061 1471 2180 Deſſus la terre, & le dos luy trauerſe,
270 2153 1388 2272 Nul ne ſe trouue au regard tant oſé
295 2247 1331 2367 Qui les ſouſtienne à viſage oppoſé.
277 2338 1452 2455 Telle eſt des Roys la nature admirable.
273 2434 1438 2547 Ils ont la face, & le port venerable,
275 2526 1482 2643 La main ſceptrée, & le front couronné.
275 2618 1369 2736 Nul ne les voit qui ne ſoit eſtonné
275 2705 1509 2834 Pour la grandeur, & la majesté ſaincte
295 2805 1457 2922 Que Dieu leur a ſur le viſage peinte.
275 2899 1219 3020 Or bien qu'expres ceste diuinité
275 2989 1371 3124 Reluiſe és Roys parfaicte en vnité:
