2596 3752
1495 228 1566 300 8
781 300 1691 400 Deçà delà tontesfois ſe dériue
779 400 2058 504 Maint clair ruiſſean de ceste ſource viue.
781 496 2122 600 De là Seigneurs, Princes, Comtes, Barons,
786 585 2062 689 Prelats mitrez aux ſaincts veſtemens lons
790 679 2043 787 Prennent leur luſtre, & de là magnifique
800 773 1982 877 Paroiſt ſur tons vn eſtat monarchique.
784 865 2047 981 Doncq' ſi ta face, & ton œil trop peu fin,
784 958 1782 1071 N'oſe aſpirer au regard aquilin:
790 1056 1807 1154 Sois mediocre, & te contente ſage
784 1144 1907 1252 D'auiſager ſoubs le nuiteux ombrage,
781 1236 2112 1334 La Lune claire, & les moindres flambeaux
800 1316 2014 1435 Qui ſont autour eſtincelans, & beaux.
784 1423 2051 1534 Toute faueur, & tout bon heur enſemble,
786 1515 2060 1634 Deſſus un chef tout à coup ne s'aſſemble:
781 1609 1953 1728 Et par degrez l'homme bien peu priſé,
784 1696 1736 1807 Se voit en fin du ciel fauoriſé.
784 1792 2053 1901 Es premiers rangs de cet estat de France
784 1886 2033 1994 Marche vn heros qui d'eſcu, ny de lance
781 1982 1874 2086 Armé, n'a quis un los ambitieux.
779 2071 2010 2182 Mais bien ſuyuant la volonté des cieux
784 2161 1837 2269 Tout reueſtu de vertus, & ſcience,
781 2255 1741 2349 D'humilité iointe à la pacience,
784 2345 1876 2455 Guerrier celeſte inuincible à l'eſtour,
781 2440 1780 2547 A deſconfit les ennemis du iour
781 2538 2051 2643 Ces fiers demons qui releuoient leurs teſtes
785 2617 1876 2742 Contre le ciel, infernales tempeſtes:
781 2720 1960 2834 Et tous bouffis, de rage, & de fureur,
786 2811 2151 2928 Rempliſſoient l'air de blaſpheme & d'horreur.
781 2907 2007 3020 Chaut de colere, & vif à la pourſuite,
779 3003 1982 3126 Il les chamaille, & leur donne la fuite.
2267 3114 2352 3223 Si
