1984 2594
566 188 1819 272 iſt geſchehen) dahin gedeutet wurden / als hette ich palino⸗
571 250 1815 324 dian gepfiffen / Das iſt / meine lere widder ruffen / Das iſt mir
571 306 1817 367 gar ynn keinen weg zu leiden / Denn das gehet nicht an meine
569 354 1815 423 perſon ( welche ſol ſchweigen vnd leiden ) ſondern meine lere
564 410 1815 482 ( welche ſol ſchreyen vnd ſchmeiſſen ) Hie gebe mir Gott nuͤr
556 466 1813 523 keine gedult noch ſenffemut / Hie ſage ich / Nein / Nein / Nein /
571 518 1808 577 weil ich eine ader regen kan / Es verdrieſſe / Koͤnig / Keiſer /
575 566 1241 648 Fuͤrſten / Teufel vnd wen es wil.
694 665 1817 745 Hilff Gott / wie genaw vnd mit geſchwinden griffen
571 728 1815 789 ſucht man mich. Bin ich nicht ein theurer edler man? Ja
573 780 1813 843 freylich ynn tauſent iaren iſt kaum ein edler blut geweſen /
575 830 1813 899 denn der Luther / Wieſo? Rechne du ſelbſt / Es ſind nu drey
575 886 1815 951 Bepſte geweſen / ſo viel Cardinal / Koͤnige / Fuͤrſten / Biſcho⸗
573 936 1813 1000 ne / Pfaffen / Muͤnche / groſſe hanſen / gelerte vnd die gantze
573 994 1808 1059 welt / die allzumal an des Luthers blut / verreheter / moͤrder /
571 1041 1808 1102 vnd hencker ſind / odder yhe gerne wolten ſein / Vnd der teuf⸗
573 1089 1813 1158 fel auch mit den ſeinen / Pfu dich / Ich bin meinem blut ſelbſt
573 1147 1813 1212 feind / wenn ich dran dencke / das ich ſolche herliche / koͤſtliche
573 1201 1813 1260 hencker vnd moͤrder haben ſol / Dem Tuͤrckiſchen Keiſer ſolte
573 1251 1808 1320 ſolche ehre widderfaren / nicht ſolchem armen bettler / als ich
573 1305 1813 1366 bin. Aber weil ſie es ia ſein wollen / mus ich ſolche ehre leiden
560 1361 1810 1418 und aus yhrem zorn vnd wueten / meins hertzen freude vnd
577 1407 1810 1476 ſpiel machen / Dieſe faſtnach wuͤrde mir ſonſt villeicht nicht
575 1463 1806 1526 freudenreich gnug ſein / ich hette denn ſolche / mechtige /
571 1513 1806 1575 hochgeborne / gelerte laruen vnd narren / die mir hoffierten /
573 1565 1810 1636 Weis yhn auch furwar auff dis mal aus groſſem armut / kein
569 1621 1808 1694 ander tranggelt zu geben / denn das ich bitte / ſie woltens nůr
571 1668 897 1737 mehr machen.
675 1712 1810 1794 Dem nach gan ichs zwar dem koͤnige zu Engelland / da
569 1774 1808 1839 zu dem teufel auch faſt wol/ das ſie ſolche / arme / elende bet⸗
571 1830 1806 1897 ler vber mir werden / vnd ſich ſo flicken muͤſſen / auff das ſie
573 1882 1804 1947 an mir / die loͤbliche ehre eriagen / das iſt / das ich ſie fur meine
575 1932 1804 2034 ſtocknarren vnd goͤckler habe / Sie wollens nicht anders ha⸗
1575 1993 1810 2090 ben / Denn
