2620 3440
826 259 2501 353 Neſſeno / Doch ein weiſer man ſol kein kleine toꝛheit thun / Sie
828 338 2499 428 konnen recht wueten (ſehe ich wol) wenn ſie recht troffen
831 407 2497 500 werden / die ſonſt yderman / gedult / ſittickeit vnd ſenffte
831 473 1449 563 leren vnd auffruͤcken.
971 544 2493 638 Deſſelbigen gleichen / mein gnedi. herr Koͤnig Chriſti⸗
833 617 2489 697 ern / Koͤnig zu Denemarck macht mich guter hoffnung ſo
831 689 2493 777 vol / des koͤnigs zu Engelland halben / das ich gleich dunete/
835 756 2493 844 Lies auch nicht ab mit worten vnd ſchrifften / ſchenckt mir
841 827 2491 919 ſo viel guter wort ein / ich ſolte nuͤr demuͤtiglich ſchreiben/
841 900 2493 982 es wurde nutz ſchaffen tc. bis ich dauon truncken ward vnd
839 970 2495 1045 daumelte bey mir ſelbs alſo / Wer weis denn? Es ſind des ta⸗
837 1039 2497 1125 ges zwelff ſtunden / wenn du eine gute ſtunde treffen kuͤndeſt
841 1114 2491 1196 ynn Gottes namen / vnd den koͤnig zu Engelland gewinnen/
841 1186 2491 1268 wereſtu es ia ſchuͤldig zu thun / vnd wo es an dir ſolt feylen/
839 1251 2495 1335 theteſtu ſunde / Ich armer trunckenbold / ſpeyet alſo den de⸗
831 1320 2493 1406 muͤtigen verloren brieff eraus / den freſſen nu die ſew / vnd zu
824 1389 2491 1488 reyſſen mich / Vnd ich meinete doch es weren eitel heiligen/
847 1462 2489 1546 Ich habe leyder die vermanung Chriſti nicht gehalten/
837 1526 2340 1618 Matt. vij. das ich die perlen nicht fur die ſew wurffe.
981 1664 2489 1760 Das ich mich fur Hertzog Georgen zu Sachſen auch ſo
839 1741 2489 1827 demuͤtiget (Iſts werd dauon zu reden) kam auch daher/
839 1809 2484 1897 das groſſe feine leute ſeiner landſeſſen mein gewiſſen erſeuff
835 1880 2491 1968 ten / mit groſſen fodder vol vertroͤſtung / als ſolts dem Euan
837 1958 2491 2033 gelio fodderlich ſein / das er bisher verfolget / Da fur ich da⸗
835 2020 2493 2107 her / ein einfeltiger armer menſch / lies mich mein gemacht ge
839 2090 2491 2176 wiſſen dringen / das ich ia nicht vrſach were / ſolchs ſcha⸗
841 2161 2489 2245 dens vnd hindernis / Da traff ichs auch aus der maſſen fein.
843 2230 2493 2318 Zu Augſpurg muſte ich mich auch demuͤtigen / Da meinet
837 2295 2493 2386 der Cardinal / ich kroͤche zu kreutze / vnd rieff ſchon / Jo / tri⸗
839 2377 2493 2457 umph. Zu Wormbs / yhe mehr ich mich demuͤtiget / yhe we⸗
831 2440 2493 2526 niger draus ward / Toͤchts nicht das ich mich auch alſo de⸗
837 2507 2493 2595 muͤtigt fur dem Churfurſten zu Brandenburg? odder was
843 2574 2493 2685 ſchadets / ich widder rieffe auch auff die weiſe fur den Hertzo /
2304 2660 2493 2746 gen zu
