1965 2580
617 195 1876 273 Neſſeno / Doch ein weiſer man ſol kein kleine toꝛheit thun / Sie
619 258 1872 316 konnen recht wueten (ſehe ich wol) wenn ſie recht troffen
621 307 1872 378 werden / die ſonſt yderman / gedult / ſittickeit vnd ſenffte
621 356 1091 423 leren vnd auffruͤcken.
727 410 1868 473 Deſſelbigen gleichen / mein gnedi. herr Koͤnig Chriſti⸗
602 460 1863 528 ern / Koͤnig zu Denemarck macht mich guter hoffnung ſo
617 522 1865 584 vol / des koͤnigs zu Engelland halben / das ich gleich dunete /
626 567 1868 636 Lies auch nicht ab mit worten vnd ſchrifften / ſchenckt mir
626 621 1870 692 ſo viel guter wort ein / ich ſolte nuͤr demuͤtiglich ſchreiben /
626 677 1868 737 es wurde nutz ſchaffen tc. bis ich dauon truncken ward vnd
621 718 1868 789 daumelte bey mir ſelbs alſo / Wer weis denn? Es ſind des ta⸗
626 780 1870 842 ges zwelff ſtunden / wenn du eine gute ſtunde treffen kuͤndeſt
628 838 1868 896 ynn Gottes namen / vnd den koͤnig zu Engelland gewinnen /
624 881 1865 948 wereſtu es ia ſchuͤldig zu thun / vnd wo es an dir ſolt feylen /
621 935 1870 999 theteſtu ſunde / Ich armer trunckenbold / ſpeyet alſo den de⸗
619 986 1870 1051 muͤtigen verloren brieff eraus / den freſſen nu die ſew / vnd zu
619 1042 1865 1100 reyſſen mich / Vnd ich meinete doch es weren eitel heiligen /
632 1096 1863 1154 Ich habe leyder die vermanung Chriſti nicht gehalten /
626 1141 1756 1227 Matt. vij. das ich die perlen nicht fur die ſew wurffe.
733 1253 1870 1315 Das ich mich fur Hertzog Georgen zu Sachſen auch ſo
628 1311 1865 1369 demuͤtiget (Iſts werd dauon zu reden) kam auch daher /
628 1354 1859 1427 das groſſe feine leute ſeiner landſeſſen mein gewiſſen erſeuff
628 1416 1870 1474 ten / mit groſſen fodder vol vertroͤſtung / als ſolts dem Euan
626 1464 1868 1528 gelio fodderlich ſein / das er bisher verfolget / Da fur ich da⸗
628 1515 1870 1575 her / ein einfeltiger armer menſch / lies mich mein gemacht ge
626 1567 1868 1629 wiſſen dringen / das ich ia nicht vrſach were / ſolchs ſcha⸗
628 1621 1868 1683 dens vnd hindernis / Da traff ichs auch aus der maſſen fein.
630 1670 1868 1739 Zu Augſpurg muſte ich mich auch demuͤtigen / Da meinet
626 1724 1865 1784 der Cardinal / ich kroͤche zu kreutze / vnd rieff ſchon / Jo / tri⸗
626 1773 1865 1840 umph. Zu Wormbs / yhe mehr ich mich demuͤtiget / yhe we⸗
624 1823 1865 1894 niger draus ward / Toͤchts nicht das ich mich auch alſo de⸗
626 1879 1868 1941 muͤtigt fur dem Churfurſten zu Brandenburg? odder was
626 1935 1868 2008 ſchadets / ich widder rieffe auch auff die weiſe fur den Hertzo /
1726 1993 1868 2085 gen zu
