2620 3440
757 246 2428 355 iſt geſchehen) dahin gedeutet wurden / als hette ich palino⸗
759 324 2423 426 dian gepfiffen / Das iſt / meine lere widder ruffen / Das iſt mir
761 399 2423 491 gar ynn keinen weg zu leiden / Denn das gehet nicht an meine
763 468 2423 561 perſon (welche ſol ſchweigen vnd leiden) ſondern meine lere
757 535 2419 628 (welche ſol ſchreyen vnd ſchmeiſſen) Hie gebe mir Gott nuͤr
749 602 2415 703 keine gedult noch ſenfftmut / Hie ſage ich / Nein / Nein / Nein/
759 674 2413 775 weil ich eine ader regen kan / Es verdrieſſe / Koͤnig / Keiſer/
766 745 1648 840 Fuͤrſten / Teufel vnd wen es wil.
919 881 2415 988 Hilff Gott / wie genaw vnd mit geſchwinden griffen
759 957 2413 1056 ſucht man mich. Bin ich nicht ein theurer edler man? Ja
761 1030 2409 1121 freylich ynn tauſent iaren iſt kaum ein edler blut geweſen/
761 1096 2411 1194 denn der Luther / Wieſo? Rechne du ſelbſt / Es ſind nu drey
759 1163 2411 1267 Bepſte geweſen / ſo viel Cardinal / Koͤnige / Fuͤrſten / Biſcho⸗
755 1236 2409 1337 ne / Pfaffen / Muͤnche / groſſe hanſen / gelerte vnd die gantze
755 1312 2407 1397 welt / die allzumal an des Luthers blut / verreheter / moͤrder/
755 1381 2407 1473 vnd hencker ſind / odder yhe gerne wolten ſein / Vnd der teuf⸗
757 1446 2411 1549 fel auch mit den ſeinen / Pfu dich / Ich bin meinem blut ſelbſt
763 1519 2409 1611 feind / wenn ich dran dencke / das ich ſolche herliche / koͤſtliche
761 1586 2407 1683 hencker vnd moͤrder haben ſol / Dem Tuͤrckiſchen Keiſer ſolte
759 1664 2400 1752 ſolche ehre widderfaren / nicht ſolchem armen bettler / als ich
755 1725 2405 1821 bin. Aber weil ſie es ia ſein wollen / mus ich ſolche ehre leiden
753 1809 2401 1890 und aus yhrem zorn vnd wueten / meins hertzen freude vnd
761 1865 2403 1966 ſpiel machen / Dieſe faſtnach wuͤrde mir ſonſt villeicht nicht
763 1939 2396 2033 freudenreich gnug ſein / ich hette denn ſolche / mechtige/
751 2008 2398 2102 hochgeborne / gelerte laruen vnd narren / die mir hoffierten/
749 2075 2401 2174 Weis yhn auch furwar auff dis mal aus groſſem armut / kein
745 2150 2398 2247 ander tranggelt zu geben / denn das ich bitte / ſie woltens nůr
743 2220 1179 2302 mehr machen.
885 2283 2400 2386 Dem nach gan ichs zwar dem koͤnige zu Engelland / da
747 2356 2400 2455 zu dem teufel auch faſt wol / das ſie ſolche / arme / elende bet⸗
745 2421 2396 2524 ler vber mir werden / vnd ſich ſo flicken muͤſſen / auff das ſie
743 2495 2392 2593 an mir / die loͤbliche ehre eriagen / das iſt / das ich ſie fur meine
745 2564 2392 2679 ſtocknarren vnd goͤckler habe / Sie wollens nicht anders ha⸗
2082 2646 2394 2763 ben / Denn
