3284 4724
312 572 2244 818 Von Gebürlichem thuͦn vnd
763 795 1806 944 Laſſen aines Eemanns.
593 994 1984 1154 Von des Eeſtands vrſpꝛung vnd
1052 1120 1514 1233 Nutzbarkait .
882 2991 2461 3149 Lſo hat es den Schoͤpffer der Natur
2527 3015 2768 3121 Alles was
2468 3090 2760 3176 lebt / wirt ein
882 3109 2461 3243 für guͦt angeſehen / als er den zuͦkünfftigen zeyten
2468 3153 2760 3224 thier geneñt/
882 3196 2453 3326 grundtfeſten leget / daß die Thier / woͤlche er erſt⸗
2468 3196 2768 3283 zuͦ ainem vn
2472 3251 2756 3330 rerſchaid a
882 3287 2461 3397 lich dem tod vnd kranckhaiten vndterwürfflich/
2472 3302 2760 3389 ber / neüma
884 3367 2446 3490 darzuͦ an zal gar wenig geſchaffenn het / durch die
2472 3369 2772 3432 den menſche
2472 3409 2768 3499 ain vernunff
882 3452 2461 3586 gebaͤrung junge ſolten zeügen / daher aines jeykli⸗
2461 3468 2732 3550 tigs thier/
2480 3527 2769 3595 die anderen
129 3539 2472 3661 chen Geſchlecht / gemehꝛet / vnnd auff das aller laͤngſt volſtreckt wurde.
2480 3574 2764 3672 alle vnuer⸗
2468 3629 2693 3743 nünfftig.
133 3609 2464 3751 Auff das auß ſehr klainen anfaͤngen / ainer oder zwen / ſchier inn ain vn⸗
131 3697 2475 3842 endtliche maͤnig auffwuͤchſſen / vnd auß der ſterbligkait / gleich naißman
133 3784 2478 3915 ain vnſterbligkait erlangten. Aber die andern Thier / ſeind der Natur
133 3873 2475 4002 vnunderſchidlich / on alle oꝛdnung / on alles Geſetz / gehoꝛſam / und zeügen
133 3955 2475 4083 kinder / Vnd das iſt inen gleich wie ain gmains Gſetz / woͤlchem wir ſehen
133 4036 2470 4214 das alle Thier von inen ſelbſt / gehoꝛchen. Wiwol etlich vnter inen ſeind /
2000 4113 2480 4259 A woͤlche
