3376 4728
1184 399 2931 564 Chriſtophorus Bruno dem guͤtigen Leſer.
1134 533 3231 648 S iſt bißher in mancherlay ſpꝛaachen / von den aller ſchlechteſten und ge⸗
1127 618 3226 724 ringſten dingen / als vnter andern / wie man ain roſſz erkeñen / zaͤwmen/
1131 697 3230 815 vnd artzneyen ſoll / vom kochen / bawen / fechten / vñ dergleichen / mit hoͤch⸗
898 769 3231 893 ſtem fleiß / gſchꝛiben vñ gelert woꝛden: Aber was für aine / oder wie man ain weyb
898 853 3231 950 aufferziehen / erwoͤlen / nemen / lieben vnd regieren: Darzuͦ wie man ainen Hauß⸗
898 932 3231 1024 würdt ſuchen / außerleſen / vnd inn eeren halten ſolte / daruon haben gar wenig / ja
901 1000 3231 1113 ſchier kainer / vnd daſſelbig ſchlechtlich vnd oben hin / vnterweyſung geben. Vnd
903 1082 3228 1176 dieſelben leren / ſie ſeyen gleich wie ſie woͤllen / haben bey maͤnigklich / gar wenig
903 1147 3231 1266 gunſts oder achtung. Woͤllen dañ die menſchen lieber das jenig leſen / ſo etwan ain
909 1224 3234 1329 eytele vnd vergebliche wolluſt / dañ woͤlchs ain nutzbarkait mit im bꝛaͤchte? Es
909 1300 3234 1418 ſey dañ das wirs für nutzlicher achten / ſo ainer waißt ain roſſz / dañ ain weyb / die
903 1376 3231 1484 ain vnabſunderlicher gfert vnnd mitgſellin / zuͦ aller zeyt / vnd an allen oꝛthen iſt/
909 1449 3234 1565 zuͦ regieren. Sehen wir auch ainer andern vꝛſach halb / ſouil vnglückſelig heyrat/
909 1531 3236 1628 woͤlche mit wainen vnd klagen erfüllt ſein / denn darumb das erſtlich im erwoͤlen
914 1602 3234 1720 gejrꝛet / darzuͦ auch taͤglich in der gmainſchafft vnd beywonung geſündigt würt/
914 1678 3234 1788 dieweil ain yegklichs auß inen / das Regiment / darzuͦ es gantz vntauglich iſt / ha⸗
914 1751 3231 1857 ben will. Mainen wir dañ nit / das es mehꝛer kunſt vnd gſchickligkait bedoͤrffe/
914 1828 3236 1935 ain weyb / dañ ain roſſz / wie muͦtwillig es auch ſein moͤchte / zuͦ zaͤmen vnd zuͦ maͤſ⸗
914 1906 3239 2019 ſigen. Ain roſſz / wenn es den reüter nit leyden mag / ſo widerſtrebt es mit ſeiner
914 1977 3236 2098 ſtercke / Dieſelb aber / würt mit ainer andern macht / dermaſſen gehalten vnd ver⸗
914 2054 3239 2164 ſtrickt / das ſich das aller ſterckeſt roſſz eben als wenig roͤgen mag / als ain jungs
914 2130 3242 2245 füllen / das yetzt geboꝛen wer. Aber der menſch kempfft vnd widerſtrebt nit allain
916 2203 3244 2316 mit ſtercke / ſondern auch mit gſchwindigkait / liſt vnd betrug. Ainem frommen
914 2282 3244 2387 weyb/ die Gott vnd jren man liebhat / iſt zwar kain Gſetz geben / Die lieb iſt jr ain
916 2356 3244 2474 Gſetz. Woͤlche aber noch nit gaͤntlich durch die lieb beſeſſen / vnd inn jren gewalt
916 2432 3244 2537 gebꝛacht iſt worden / derſelben ſeind vil haimlich angriff zuͦberaitet / durch woͤlche
916 2505 3242 2616 ſich die boͤß anfechtung des gemuͤths hinein verfügt / auff das ſie / wahin ſie will/
916 2595 3244 2689 durchdꝛinge / Vnd ſo ſie daſelbſthin komen wer / ſo muͦß der mañ / eben als wol / als
916 2668 3247 2765 das weyb / der anfechtung des gmuͤths / das iſt / dem aller vnguͤtigſten wuͤterich/
916 2739 3249 2842 dienen. Woͤlchen der Viues allhie mit andern / haimlich vnd offenlichen / angrif⸗
914 2813 3249 2931 fen / zuͦ ainer gegenwoͤhꝛ / entgegenkompt. Wo ſolchs der mañ erkeñt vnd gebꝛau⸗
914 2891 3249 2991 chet / würdt es jnen baiden zum hoͤchſten nutzlich ſein. Darumb iſt Viues (wie er
916 2965 3252 3075 ſelbſt meldet) bewegt woꝛden / Erſtlich die buͤcher von vnterweyſung ainer Chꝛiſt
922 3041 3249 3149 lichen Frawen / Darzuͦ auch diſes yederman zuͦ guͦt /zuͦbeſchꝛeyben. Woͤlche auch
919 3115 3252 3222 ich / Gott dem Allmaͤchtigen zuͦ eeren / vnd meinem naͤchſten zuͦ nutz vnd hailwer⸗
919 3196 3255 3296 tigkait / auß rechter Bruͤderlicher liebe /verteütſcht / vnd inn den Truck gegeben
916 3275 3263 3383 hab. Dieweyl aber im Trucken / etlich buͦchſtaben vnnd woͤꝛter / woͤlche villeicht
916 3354 3257 3454 im gſchꝛibnen dem Setzer nit wol leſslich / vnd ich auch nit von ſtund an da gwe⸗
919 3427 3260 3524 ſen bin / das ichs hetre beſſern moͤgen / ſeytenmal man mit den Preſſen / vnwider⸗
919 3496 3260 3595 bꝛinglichen vnkoſten zuͦuermeyden / nit hat ſtillſtehn künden / So hab ich dieſelbi⸗
919 3569 3255 3690 gen irꝛungen/ Freündtlicher Leſer / dir zuͦ guͦt / hinzuͦ trucken laſſen / Dieſelbigen
922 3651 3255 3750 nim am erſten für die hand / vnd beſſer das gantz buͦch darnach / ſo würdſt du es/
924 3729 2280 3827 als ich verhoff / mit nutz vnd luſt / leſen moͤgen.
1003 3800 3263 3921 Vermerck aber / wo dꝛey zyffern ſtehn / bedeüt die erſt das blat / Die ander / die
1092 3882 3263 3971 ſeytten deſſelben blats / Die dꝛitt / die lini. Stehn aber zwo / So bedeüt die
922 3955 3255 4055 erſt / die ſeytten des naͤchſten blats daruꝛ / Die ander die lini. Iſt aine allain da/
919 4034 2201 4158 bedeüt ſie die lini des naͤchſten oꝛths daruoꝛ.
3005 4071 3255 4234 b blat
