2627 3623
469 354 2524 442 und seinem Kunstwollen auszugehen, wie es Bahle im vollen Bewußtsein
467 426 2264 521 der Notwendigkeit seines Vorgehens von Anfang an getan hat.
740 511 2433 603 Ich glaube sagen zu können, daß durch die Förderung des
475 581 2512 682 jungen Forschers seitens der Notgemeinschaft nicht nur ihm, sondern
469 670 2474 758 auch der Wissenschaft ein wertvoller Dienst erwiesen werden würde.
471 736 2447 831 Es scheint mir Ehrensache der Deutschen Wissenschaft zu sein, mit
465 819 2480 911 den irgendwie verfügbaren Mitteln ein Werk zu unterstützen, an dem
462 907 2504 1002 deutsche und ausländische Künstler mit Begeisterung und Aufopferung
469 982 2500 1072 von viel Mühe und Zeit mitgewirkt haben, und seinen Verfasser nicht
469 1060 2415 1163 an dem unverschuldeten Unglück des Aufhörens der Selbständigkeit
469 1147 2387 1247 einer Hochschule und der Not des täglichen Brotes zugrundegehen
469 1219 791 1306 zu lassen.
465 1376 1417 1491 Mannheim, den 18. Februar 1934.
