2599 3606
633 402 2458 476 In Ergänzung meiner beiliegenden Bescheinigung vom 5. Januar
454 468 2406 566 1934 über die verdienstvolle Assistententätigkeit und fruchtbare
454 550 2488 647 Forschungsarbeit des Herrn Dr. Julius Bahle am Institut für Psycho-
456 633 2318 729 logie und Pädagogik möchte ich seinem Gesuch um die Gewährung
454 713 2378 805 eines Forschungsstipendiums durch die Notgemeinschaft Deutscher
452 803 2466 877 Wissenschaft auf ausdrücklichen Wunsch des Fachvertreters für Psy-
454 873 2470 967 chologie die wärmste Empfehlung beifügen. Nachdem ich in den letz-
456 953 2438 1047 ten Tagen die abgeschlossenen Kapitel seines mir im Gesamtaufbau
454 1037 2500 1129 vertrauten Werkes kennen gelernt habe, kann ich mit bestem Gewissen
452 1113 2474 1210 meine Überzeugung aussprechen, daß diese Untersuchung sowohl durch
458 1193 2496 1288 ihr einzigartiges, unersetzliches Material wie durch die Art seiner
458 1278 2472 1360 Verarbeitung bahnbrechend zu werden verspricht. Zum erstenmale ist
456 1360 2450 1442 es hier gelungen, von bedeutenden zeitgenössischen Komponisten im
456 1428 2496 1516 unmittelbaren Anschluß an ihr uneingeengtes, freies Schaffen genaue
458 1508 2446 1600 Berichte über den Entstehungsvorgang bestimmter Werke zu erlangen
460 1586 2472 1674 und an einem zum Vergleich besonders geeigneten Material eine ein-
460 1662 2416 1768 gehende Beantwortung gerade jener Fragen zu erzielen, die bisher
464 1746 2468 1841 in ein undurchdringliches Dunkel gehüllt schienen. Es darf als ein
462 1827 2414 1923 ungewöhnlicher Erfolg der Methode Bahles gebucht werden, daß die
464 1911 2440 2007 beteiligten Komponisten durch die ihnen an die Hand gegebenen Ge-
462 1991 2386 2073 sichtspunkte für die rückschauende Selbstbeobachtung sich nicht
462 2067 2384 2153 nur nicht gehemmt fühlten, sondern dankbar bekannten, durch die
464 2143 2442 2239 von ihnen gewonnenen Aufschlüsse über ihr eigenes Schaffen selbst
464 2221 2386 2323 gefördert worden zu sein. Der große Vorzug der Arbeit gegenüber
462 2303 2360 2391 den bisherigen Untersuchungen besteht vor allem darin, daß sie
462 2381 2420 2470 nicht nach Art einer gewöhnlichen Umfrage die Künstler zu allge-
462 2464 2452 2550 meinen Betrachtungen über ihr Schaffen veranlaßt, sondern überall
466 2542 2506 2636 zum konkreten Schaffensprozess am einzelnen Werk vordringt und den-
468 2620 2454 2720 selben Gesichtspunkt auch auf die Selbstzeugnisse der Komponisten
466 2710 2454 2798 der Vergangenheit anwendet. Mit großem Geschick hat es Bahle ver-
470 2790 2484 2876 standen, das überaus reiche historische Material, über das er nach
474 2868 2396 2962 jahrelangem Quellenstudium verfügt, von den in allen Phasen des
470 2940 2516 3039 Schaffensvorganges überschaubaren Berichten der Zeitgenossen aus mit
468 3023 2478 3119 neuem Leben zu erfüllen. So enthüllen z.B. die vermeintlichen Irr-
