2580 3610
439 336 2489 437 tümer der Romantik und ihres großen Erben Richard Wagners auf einmal
437 409 2419 511 ihren tiefen Wahrheitskern. In aller Anerkennung der Eigengesetz-
435 487 2443 593 lichkeit des musikalischen Gebietes widerlegt Bahle schlagend eine
435 569 2473 671 Autonomieästhetik, welche die sowohl dynamische als richtungbestim-
431 649 2487 752 mende Bedeutung des erfühlten Gehaltes für die musikalische Gestalt-
433 740 2445 818 gebung völlig übersieht und dadurch zugleich die Verankerung aller
433 816 2445 904 Form in der weltanschaulich bedingten Wertstruktur der schaffenden
433 880 2469 988 Persönlichkeit zu einem umlösbaren Rätsel macht. In der Übertragung
431 976 2491 1066 von Gestaltmomenten des Gehalts und der zu ihm gehörigen emotionalen
431 1044 2471 1147 Strukturen in die musikalische Formenwelt unter Ausnützung aller ihr
431 1125 2489 1225 eigenen Möglichkeiten wird eine überaus wichtige und unerschöpfliche
429 1213 2381 1301 Quelle musikalischer Einfälle aufgedeckt und damit erst Licht in
425 1291 2463 1389 die psychologischen Gesetzmäßigkeiten der Inspiration gebracht. Das
427 1371 2409 1456 gleiche gilt für den im Gegensatz zu älteren Ansichten erbrachten
427 1439 2463 1548 Nachweis, daß gerade die von langer Hand vorbereiteten Einfälle die
427 1534 2411 1622 wertvollsten sind, und daß den vollgestalteten musikalischen Ein-
425 1602 2463 1698 füllen vormusikalische und abstrakt-musikalische ohne konkrete Ton-
425 1686 2407 1788 gestalt vorausgehen, die beim Liedschaffen schon bei der Textwahl
427 1766 2463 1865 sich einstellen können. Überall ausgehend von den Begriffen, welche
425 1849 2465 1937 die Ästhetiker und namentlich die mitwirkenden Künstler selbst ver-
427 1921 2491 2021 wenden, wie Anregung, Erlebnis, Inspiration, unbewußt, gewachsen und
423 2003 2489 2099 gemacht, Kunstverstand, Technik, Kunstwollen und Müssen, zeigt Bahle
425 2085 2489 2172 an der Hand übereinstimmender Schaffensberichte nicht nur den psycho
423 2159 2461 2256 logischen Sinn dieser Bezeichnungen auf, sondern zugleich die Funk-
425 2246 2463 2330 tion der gemeinten Vorgänge im Strukturzusammenhang des Schaffens-
425 2322 2489 2414 vorganges. Es bestätigt sich hierbei, entgegen aller mystifizierende
423 2404 2463 2502 Umdeutung des Geschehens, wo die konkreten Tatsachen sprechen, immer
418 2478 2525 2587 wieder, daß der Schaffensprozess, im ganzen gesehen, Arbeit im besten
421 2557 2455 2659 Sinne des Wortes ist und wie jede Arbeit auf einer auf eine Gesamt-
421 2643 2435 2737 leistung, das Werk, gerichteten Verhaltensstruktur hervorgeht. Der
423 2721 2457 2809 inspiraterische Rausch ist nicht die Ursache, sondern die Folge der
419 2797 2459 2898 ersten Einfälle, steigert sich aber bei wachsendem Gelingen und be-
417 2883 2493 2978 flügelt die weiteren Einfälle und ihre Verarbeitung. Die ganze Unter-
421 2964 2487 3048 suchung lehrt endlich, warum eine Ästhetik scheitern mußte, die aus-
419 3032 2481 3132 schließlich vom Genießenden her oder von der Phänomenologie des fer-
421 3122 2397 3210 tigen Werkes aus in das Wesen der Kunst eindringen zu können ver-
415 3192 2395 3299 meinte, statt in erster Linie vom Schaffenden, seinen Erlebnissen
