2706 3772
1226 326 2234 417 Hemmenhofen, den 26. Januar 1937.
920 488 1605 569 Lieber Herr Professor!
530 597 2519 668 Für Ihren lb. ausführlichen und lehrreichen Brief danke ich Ihnen
471 643 2429 712 herzlichst. Sie dürfen mir es nicht verübeln, wenn ich ab und zu
471 695 2513 779 Fragen an Sie richte, deren Beantwortung von Ihnen bereits in einer
473 754 2450 831 Ihrer neuesten Arbeiten erfolgte. Denn es ist mir noch unmöglich,
475 810 2517 884 sowohl die Grundgedanken, als auch die einzelnen Probleme schon so
473 859 2496 932 zu übersehen und zu verstehen, daß ich mir in jedem Fall selbst zu
471 911 2406 993 helfen weiß, besonders wenn es sich darum handelt Ihre Gedanken
473 970 2437 1049 auf mein Gebiet anzuwenden. Wenn ich mich bisher auch redlich um
473 1024 2552 1098 das Verständnis bemühte, so ist es mir doch noch nicht ganz gelungen
475 1081 2546 1156 volle Klarheit zu gewinnen. Ich werde mich aber fernerhin immer mehr
475 1127 2548 1211 bemühen in Ihre Gest-alttheorie einzudringen, da ich sie für eminent
477 1186 2529 1265 fruchtbar halte. Gerade auch Teile Ihrer Denkpsychologie möchte ich
475 1238 2403 1313 auf den neuesten Stand Ihrer Gestaltpsychologie bringen. In den
475 1292 2496 1374 letzten Wochen haben wir gemeinsam an der Disposition zu meinem 2.
477 1332 2525 1435 Band gearbeitet und kommen dabei sehr schön voran. Jeder Tag bringt
479 1401 1408 1462 uns neue Fragen und Lösungen.-
532 1443 2550 1538 Die Zusammenkunft mit Ernst Krének und sein Werk war für mich sehr
475 1510 2464 1580 interessant. Er freute sich riesig über unser Wiedersehen und wir
477 1563 2502 1645 verbrachten den größten Teil seiner freien Zeit in gemeinsamen Ge-
477 1617 2498 1701 sprächen über meine Arbeit und seine neuesten eigenen Arbeiten auf
475 1661 2414 1749 dem Gebiete der Musiktkeorie und-Mathetik. In Wien hielt er vor
473 1720 2527 1808 kurzem einen Zyklus von Vorträgen über sehr interessante Themen, in
473 1770 2586 1867 denen er auch auf meine Untersuchungen verwies. Die Vorträge befinden
475 1829 2584 1921 sich bereits im Druck und werde sie in Bälde erhalten. Sein Interes-
473 1888 2601 1974 se an meinen Fragen ist sehr groß und er wird mir auch für die Zukunft
475 1940 2529 2022 weitgehend Material zur Verfügung stellen. Die Fragmente aus seiner
477 1990 2462 2089 Oper "Karl der Fünfte" wurde mit großer Begeisterung aufgenommen,
473 2059 2383 2129 namentlich die Schlußscene, das jüngste Gericht, das von einer
475 2110 2582 2191 seltenen Großartigkeit und Tiefe ist. Ottmar Schoeck, der bekannteste
475 2164 2502 2240 Schweizer Komponist leitete das Konzert. Wir waren abends nach dem
473 2210 2557 2292 Konzert noch bis 12 Uhr beisammen. An andern Tag blieb Krének eigens
473 2271 2565 2344 noch bis mittags in St. Gallen und wir hatten somit Gelegenheit noch
477 2328 2519 2399 weiter mit einnander zu sprechen. Anachließend fuhr er nach Zürich,
477 2374 2464 2458 von dort nach Genf und Lausanne, wo er teils selbst konzertierte,
477 2424 2502 2514 teils aufgeführt wurde. In Österreich sind die Aufführungen in den
475 2476 2584 2560 letzten Jahren auch seltener geworden. Auch geht es Krének finanziell
475 2535 2416 2608 nicht besonders glänzend. Wenn ihn der Weg wieder einmal in die
475 2583 2500 2671 Schweiz führt wird er wahrscheinlich mich hier besuchen, damit wir
477 2638 2473 2726 gemeinsam arbeiten können. - Er erkundigte sich auch nach Ihnen.-
597 2690 2563 2780 Von Herrmann habe ich in letzter Zeit nur Gutes gehört. Die Zahl
475 2751 2582 2833 der Aufführungen scheinen im Steigen begriffen zu sein, auch am Radio
475 2799 2527 2885 Ein symphonisches Werk das er in letzter Zeit schrieb wird im Maärz
478 2857 2520 2935 aufgeführt. Außerdem schreibt er an einem großen Chorwerk, das vor-
471 2913 2457 2989 aussichtlich in Stuttgart uraufgeführt wird. Ich bin froh um ihn,
471 2964 2495 3067 daß er jetzt wieder voller Pläne ist und sich mitten in der Arbeit
479 3028 773 3099 befindet.
588 3058 2470 3149 Nuue, sehr gute Besprechungen meines Buches liefen in letzter
471 3121 2526 3218 Zeit auch wieder ein. Eine 3 Seiten lange englische erschien in der
471 3181 2554 3265 Londoner Zeitschrift "Music and Letters", die der Herausgeber dieser
475 3228 2495 3325 Zeitschrift, die übrigens sehr bekannt ist, selbst brachte. Ferner
475 3294 2576 3379 erschien eine kurze Besprechung in der Musikzeitschrift "Die Harmonie
475 3338 2545 3435 in der es unter anderem heißt: Für die Bedeutung des Werkes spricht,
471 3391 2470 3473 daß es mit seinem Erscheinen eine Flut von Gegenerscheinungen und
471 3445 2523 3564 Aufsätzen hervorgerufen hat, die sich für oder gegen die Auffassung
