2677 3779
482 352 2553 484 des Verfassers aussprechen. Das hindert aber nicht, die wissenschaft
487 411 2546 531 liche Gründlichkeit anzuerkennen, mit der Autor ein heißumstrittenes
489 472 2557 583 Problem aufgreift, um nicht nur den Schaffensprozess selbst aufzuhel
493 520 2481 644 len, sondern auch eine Reihe ungeklärter Phänomene in zahlreichen
487 571 2542 682 Kompositionen psychologisch aufzuhellen zu ergründen. Das Werk ist
501 631 2513 749 gewiß nicht leicht zu lesen, aber Eigenartiges bietet es auf jeder
493 684 2397 801 Seite."- Sobald ich die Übersetzung der englischen Besprechung
495 732 2485 858 zurückhabe, werde ich sie Ihnen zusenden. Auch in der Zeitschrift
493 795 2475 915 für Religionspsychologie ist eine ausgezeichnete Besprechung er-
497 846 2485 967 schienen, die ich aber noch nicht im Besitze habe. Heute kann ich
499 900 2569 1022 schon mit Bestimmtheit sagen, daß der zweite Band gewiß nicht hinter
499 953 2483 1077 dem ersten zurückstehen wird, sondern ihn im Gegenteil weit über-
503 1011 2490 1135 treffen wird.- Ich glaube, daß Sie heute schon viel Freude hätten
501 1100 1356 1184 an dem, was ich bisher habe.
587 1106 2578 1232 Hoffentlich geht es Ihrem Arm wieder besser, sodaß Sie ungehinder
503 1175 2500 1295 sind. Was machen auch Ihre Arbeiten? Ich möchte Sie auffordern an
506 1232 2496 1345 diesen fundamentalen weiter Fragen weiter zu arbeiten. Wollen Sie
512 1278 2553 1404 nicht daran denken, die Einleitung Ihrer neuesten Arbeit in deutsche
510 1362 1366 1448 Sparache zu veröffentlichen?
571 1385 2475 1511 Uns geht es gesundheitlich wieder ordentlich, obwohl wir immer
510 1482 1368 1568 noch einen Hustenrest haben.
600 1492 2479 1624 Mit den herzlichsten Grüßen und Wünschen und nochmaligem Dank
508 1585 1234 1685 für Ihren letzten Brief
1091 1635 1457 1727 bin ich Ihr
1429 1664 1874 1771 stets getreuer
516 1820 2431 1935 Meine Frau läßt Sie ebenfalls bestens grüßen urd wünscht Ihnen
522 1887 2483 2002 vollends gute Besserung. Ebenso bitten wir Sie Frl. Mohr von uns
522 1979 1056 2074 beiden zu grüßen.
