2620 3440
734 290 2428 408 lige geyſt nicht im anfange / Er harret nicht biß alle
737 375 2424 487 welt gen Jeruſalē keme vñ lernet ebꝛeiſch / ſonder gab
737 461 2424 590 allerley zungen zum pꝛedig ampt das die Apoſtel re⸗
737 553 2421 676 den kunden / wo ſie hyn kamen. Dıſem exempel wil ich
737 636 2427 768 lieber folgen / vnd iſt auch billich / das man die iugent
737 725 2427 854 inn vielen ſpꝛachen uͤbe / wer weys wie Gott yhꝛ mit
737 819 2427 948 der zeyt bꝛauchenn wrd? da zu ſeind auch die ſchulen
751 926 1080 1045 geſtifftet.
923 997 2436 1118 Zum andern iſt die deutſche Meſſe vnd Gottes
742 1095 2436 1205 dienſt / da von wır ytzt handeln / welche vmb der ein⸗
745 1190 2436 1297 feltigen leyen willen geoꝛdent werden ſollen. Aber di⸗
749 1270 2436 1393 ſe zwo weyſe muͤſſen wir alſo gehen vñ geſchehen laſ
749 1358 2442 1473 ſen / das ſie offentlich in den kirchen fuͤr allem volck ge
745 1448 2444 1557 halten werdenn / darunter viel ſeind / die noch nicht
751 1534 2444 1653 glauben oder Chꝛiſten ſeind / ſonder / das mehꝛer teyl
751 1626 2438 1741 da ſteht vnd gaffet / das ſie auch etwas newes ſehen/
757 1718 2444 1825 gerade / als wenn wir mittenn vnter den tuͤrcken oder
753 1802 2445 1918 heyden auff eym freyen platz oder felde Gottes dienſt
755 1890 2447 2006 hielten / denn hie iſt noch keyne geoꝛdente vnd gewiſ⸗
761 1978 2449 2098 ſe verſamlunge / darinnen man kunde nach dem Euā⸗
763 2067 2453 2184 gelio die Chꝛıſten regiern / Sonder iſt eine offentliche
761 2159 2260 2278 reytzung zum glauben vnd zum Chꝛiſtenthum.
940 2247 2444 2346 Aber die dꝛitte weyſe / dıe rechte art der Euange
764 2333 2455 2448 liſchen oꝛdnunge habē ſollte / muſte nicht ſo offentlich
768 2423 2453 2537 auff dem platz geſchehenn vnter allerley volck / ſon⸗
768 2513 2455 2623 der die ienigen / ſo mit ernſt Chꝛıſten woͤllen ſeyn / vñ
768 2601 2455 2711 das Euangelion mit hand vnd munde bekennen / mu⸗
772 2694 2459 2824 ſten mit namen ſich eyn zeychen / vnd etwo ın eym hau
