1976 2589
114 233 1382 332 woꝛt außwendig lernen noch reden / wie biß her ge⸗
116 306 1386 392 ſchehen iſt / ſonder von ſtuck zu ſtuck frage vnd ſie ant
114 384 1379 463 woꝛten laſſe / was ein yglichs bedeute / vnd wie ſie es
114 440 1373 532 verſtehen. Kan man auff ein mal nicht alles fragen /
116 507 1377 593 ſo neme man eyn ſtuck fuͤr / des andern tages eyn an⸗
110 580 1382 658 ders / Denn wo die eltern oder verweſer der iugent di⸗
112 638 1384 722 ſe muͤhe durch ſich ſelbs oder andere nicht wollē mit
114 705 1382 787 in haben / ſo wird nymer mehꝛ kein Catechiſmus an⸗
114 776 1384 856 gericht werden / Es keme deñ dazu / das man eine ſon⸗
116 850 1112 927 derliche gemeine anrichtet / voie geſagt iſt.
244 906 1379 996 Nemlich alſo ſol man ſie fragen / Was betteſtu?
118 970 1382 1052 Antwoꝛt / das vater vnſer. Was iſts denn / das du
114 1033 1388 1126 ſpꝛichſt / Vater vnſer im hymel? Antwoꝛt / Das Gott
116 1106 1384 1190 nicht eyn yrdeniſcher / ſonder ein hymliſcher vater iſt
118 1169 1384 1249 der vns im hymel wil reich vnnd ſelıg machen. was
118 1234 1386 1316 heyſt deñ dein name werde geheylıget? Antwoꝛt / das
123 1307 1384 1380 wir ſeinen namen ſollen ehꝛen vnd ſchonen / auffdas
120 1370 1386 1451 er nicht geſchendet werde? Wie wird er denn geſchen
118 1434 1388 1521 det vnnd entheyliget? Antwoꝛt / Wenn wır / die ſeyne
118 1499 1386 1579 kynder ſollen ſein / uͤbel leben / vnrecht leren vnd glau⸗
120 1564 1384 1646 ben. Vnd ſo foꝛt an / was Gottes reich heyſſe / wie es
120 1631 1379 1715 kompt / was Gottes wılle / was teglich bꝛot ꝛc. heyſſe.
123 1697 1386 1784 Alſo auch im glauben / Wie glaubeſtu? Antwoꝛt Ich
123 1762 1388 1853 glaube an Gott vater durch auß Dar noch von ſtuck
127 1831 1369 1915 zu ſtuck / dar nachs die zeyt gibt / eynes oder zwey auff
125 1894 1384 1978 ein mal. Alſo / was heyſt an Gott den vater almechti⸗
123 1956 1395 2051 gen glauben? Antwoꝛt / Es heyſt / wenn das hertze im
127 2028 1388 2133 gantz vertrawet / vnd ſich aller gnaden / gunſt / huͤlffe
