<?xml version="1.0" encoding="UTF-8"  standalone="yes"?>
<PcGts xmlns="http://schema.primaresearch.org/PAGE/gts/pagecontent/2019-07-15" xmlns:xsi="http://www.w3.org/2001/XMLSchema-instance" xsi:schemaLocation="http://schema.primaresearch.org/PAGE/gts/pagecontent/2019-07-15 http://schema.primaresearch.org/PAGE/gts/pagecontent/2019-07-15/pagecontent.xsd">
  <Metadata>
	<Creator>escriptorium</Creator>
	<Created>2022-07-14T14:21:22.171587+00:00</Created>
        <LastChange>2022-07-14T14:21:22.171604+00:00</LastChange>
  </Metadata>
  <Page imageFilename="477396054.pdf_page_10.png" imageWidth="2022" imageHeight="2624">
    <TextRegion id="eSc_dummyblock_">
      <Coords points="0,0 0,0"/>
      <TextLine id="eSc_line_e5bd9c1a" >
        <Coords points="566,303 566,323 1851,314 1853,295 1849,238 1663,218 1660,218 1579,231 1536,218 1534,218 1531,218 1529,218 1485,238 1387,238 1369,225 1369,223 1367,223 1365,223 1319,220 1317,220 1315,220 1312,220 1291,240 1205,240 1175,227 1172,227 1170,227 1102,236 989,223 986,223 984,223 951,240 930,223 927,223 925,223 888,223 886,223 564,244 566,303"/>
        <Baseline points="566,303 1853,295"/>
        <TextEquiv>
          <Unicode>vnd troſt / zu im gewißlich verſihet / zeytlich vñ ewig⸗</Unicode>
        </TextEquiv>
      </TextLine>
      <TextLine id="eSc_line_fb191c7c" >
        <Coords points="566,371 566,391 1849,380 1851,360 1840,301 1822,312 1669,303 1660,303 1658,303 1654,303 1586,314 1553,303 1551,303 1549,303 1547,303 1544,303 1542,303 1542,306 1531,314 1415,306 1389,303 1387,303 1385,303 1383,303 1383,306 1369,314 1350,306 1345,303 1343,303 1341,303 1339,303 1334,306 1312,317 1282,306 1280,306 1277,306 1275,306 1264,306 1168,317 1048,308 1039,308 1037,308 1035,308 1032,308 1015,319 844,310 842,310 840,310 809,321 564,312 566,371"/>
        <Baseline points="566,371 1851,360"/>
        <TextEquiv>
          <Unicode>lich. Was heyſt an Jeſum Chꝛiſt ſeinen ſůn glauben?</Unicode>
        </TextEquiv>
      </TextLine>
      <TextLine id="eSc_line_dac23844" >
        <Coords points="564,437 564,457 1634,459 1636,459 1825,457 1827,457 1855,443 1855,424 1849,382 1685,382 1671,371 1669,371 1667,371 1665,371 1663,371 1619,384 1614,384 1612,384 1593,371 1590,371 1588,371 1586,371 1584,371 1544,384 1542,384 1494,371 1492,371 1490,371 1488,371 1485,371 1485,373 1472,384 1472,387 1380,387 1378,387 1358,373 1356,373 1354,373 1352,373 1284,387 1240,373 1238,373 1236,373 1234,373 1232,373 1218,387 1203,376 1201,376 1199,376 1197,376 1100,389 1098,389 1021,376 1019,376 1017,376 965,391 962,391 949,378 947,378 945,378 785,378 783,378 781,378 779,378 779,380 776,380 768,391 584,380 582,380 579,380 577,380 562,389 564,437"/>
        <Baseline points="564,437 1855,424"/>
        <TextEquiv>
          <Unicode>Antwoꝛt. Es heyſt / wenn das hertze glaubt / das wir</Unicode>
        </TextEquiv>
      </TextLine>
      <TextLine id="eSc_line_faaf15cd" >
        <Coords points="566,502 566,522 1849,526 1853,496 1851,452 1825,439 1822,439 1820,439 1590,450 1512,439 1509,439 1507,439 1468,450 1444,439 1442,439 1439,439 1365,452 1144,441 1142,441 1089,452 1054,441 1052,441 1050,441 989,454 577,443 575,443 573,443 571,443 571,446 568,446 564,450 566,502"/>
        <Baseline points="566,502 1853,496"/>
        <TextEquiv>
          <Unicode>alle verloꝛn weren ewiglich / wo Chꝛiſtus nıcht fuͤr</Unicode>
        </TextEquiv>
      </TextLine>
      <TextLine id="eSc_line_23dd793f" >
        <Coords points="566,570 566,592 1851,579 1853,557 1849,516 1774,516 1763,505 1763,502 1761,502 1759,502 1757,502 1755,502 1730,513 1415,507 1413,507 1361,518 1280,507 1277,507 1275,507 1234,518 1210,507 1207,507 1205,507 967,522 779,511 776,511 564,526 566,570"/>
        <Baseline points="566,570 1853,557"/>
        <TextEquiv>
          <Unicode>vns geſtoꝛben were ꝛc. Alſo auch inn den zehen gebot⸗</Unicode>
        </TextEquiv>
      </TextLine>
      <TextLine id="eSc_line_052e79dd" >
        <Coords points="562,638 562,660 1853,645 1853,627 1849,577 912,577 910,577 831,588 814,590 803,588 759,579 757,579 645,590 641,590 628,579 625,579 623,579 621,579 560,590 562,638"/>
        <Baseline points="562,638 1853,627"/>
        <TextEquiv>
          <Unicode>ten muß man fragen. Was das erſt / das ander / das</Unicode>
        </TextEquiv>
      </TextLine>
      <TextLine id="eSc_line_aa3c5db7" >
        <Coords points="566,704 566,721 750,721 761,723 794,732 796,732 798,732 800,732 803,732 803,730 811,723 814,721 875,723 1028,730 1030,730 1137,723 1275,717 1453,725 1518,728 1520,728 1538,725 1604,715 1614,723 1614,725 1617,725 1619,725 1621,728 1844,728 1846,695 1842,649 1573,638 1571,638 1453,649 1446,649 1442,649 1378,640 1376,640 564,651 566,704"/>
        <Baseline points="566,704 1846,695"/>
        <TextEquiv>
          <Unicode>dꝛıtte vnd andere gebott deuten. Solche fragen mag</Unicode>
        </TextEquiv>
      </TextLine>
      <TextLine id="eSc_line_39fd69fd" >
        <Coords points="564,767 564,787 763,787 770,789 792,798 794,798 796,798 798,798 800,798 811,789 816,787 857,789 969,795 971,795 1002,789 1026,785 1050,789 1081,795 1083,795 1085,795 1087,795 1096,789 1105,785 1137,789 1177,795 1179,795 1256,791 1363,782 1477,791 1518,793 1520,793 1566,791 1744,780 1842,791 1846,758 1842,717 1214,708 1212,708 1153,719 632,712 630,712 562,723 564,767"/>
        <Baseline points="564,767 1846,758"/>
        <TextEquiv>
          <Unicode>man nemen auß dem vnſern bettbuͤchlein / da die dꝛey</Unicode>
        </TextEquiv>
      </TextLine>
      <TextLine id="eSc_line_884814ef" >
        <Coords points="566,839 566,854 818,865 820,865 822,865 824,865 824,863 833,854 835,854 1851,854 1851,828 1846,782 1761,771 1759,771 1431,782 1420,774 1420,771 1418,771 1415,771 1334,771 1332,771 1242,785 1094,774 1091,774 1089,774 1087,774 1072,787 822,776 820,776 818,776 816,776 816,778 805,787 667,778 665,778 663,778 634,789 575,778 573,778 571,778 568,778 568,780 566,780 564,782 566,839"/>
        <Baseline points="566,839 1851,828"/>
        <TextEquiv>
          <Unicode>ſtuck kurtz außgelegt ſeind / oder ſelbs anders machen</Unicode>
        </TextEquiv>
      </TextLine>
      <TextLine id="eSc_line_bf86dca6" >
        <Coords points="566,903 566,922 1844,922 1846,896 1842,852 1674,852 1674,850 1645,839 1643,839 1450,839 1448,839 1446,839 1420,850 1413,852 1396,850 1330,841 1328,841 1277,850 1264,852 1258,850 1234,841 1232,841 1229,841 1076,850 984,854 564,850 566,903"/>
        <Baseline points="566,903 1846,896"/>
        <TextEquiv>
          <Unicode>bis das man die gantze ſumma des Chꝛiſtlichen ver⸗</Unicode>
        </TextEquiv>
      </TextLine>
      <TextLine id="eSc_line_b73a0e12" >
        <Coords points="566,973 566,992 1846,981 1849,959 1844,914 776,911 774,911 772,911 770,911 754,922 586,914 584,914 582,914 579,914 564,922 566,973"/>
        <Baseline points="566,973 1849,959"/>
        <TextEquiv>
          <Unicode>ſtands inn zwey ſtucke als inn zwey ſecklein faſſe im</Unicode>
        </TextEquiv>
      </TextLine>
      <TextLine id="eSc_line_c3c96a82" >
        <Coords points="564,1038 564,1060 1849,1060 1851,1025 1846,979 1759,968 1757,968 1755,968 1752,968 1741,979 1739,979 1735,979 1680,970 1678,970 1614,979 1597,981 1584,979 1542,970 1540,970 1490,979 1479,981 1477,979 1463,970 1461,970 1459,970 1457,970 1404,981 1385,986 1249,986 1242,981 1225,973 1223,973 1221,973 1218,973 1216,973 1205,981 1199,986 1186,981 1164,975 1161,975 1159,975 1120,981 1096,986 1070,981 1021,975 1019,975 984,983 960,988 936,983 908,977 905,977 855,983 816,988 800,983 781,977 779,977 776,977 774,977 772,977 763,983 752,990 741,983 730,979 728,979 726,979 562,983 564,1038"/>
        <Baseline points="564,1038 1851,1025"/>
        <TextEquiv>
          <Unicode>hertzen / welchs ſeind / glaube vnd liebe. Des glauben</Unicode>
        </TextEquiv>
      </TextLine>
      <TextLine id="eSc_line_93de12df" >
        <Coords points="566,1104 566,1123 575,1130 577,1130 579,1130 582,1130 1846,1119 1846,1095 1842,1049 1540,1038 1538,1038 1536,1038 1516,1049 1512,1051 564,1051 566,1104"/>
        <Baseline points="566,1104 1846,1095"/>
        <TextEquiv>
          <Unicode>ſecklein haben zwey beutlein / inn dem einem beutlein</Unicode>
        </TextEquiv>
      </TextLine>
      <TextLine id="eSc_line_b0831775" >
        <Coords points="564,1172 564,1187 584,1198 586,1198 588,1198 1844,1180 1844,1161 1840,1115 1652,1115 1649,1113 1634,1102 1632,1102 1630,1102 1628,1102 1625,1102 1588,1113 1582,1117 1350,1117 1348,1113 1339,1106 1339,1104 1337,1104 1334,1104 1332,1104 1330,1104 1308,1113 1297,1117 1288,1113 1271,1106 1269,1106 1267,1106 1170,1113 1070,1119 562,1113 564,1172"/>
        <Baseline points="564,1172 1844,1161"/>
        <TextEquiv>
          <Unicode>ſtecke das ſtuck / das wir glaubenn / wie wir durchs</Unicode>
        </TextEquiv>
      </TextLine>
      <TextLine id="eSc_line_16b59b42" >
        <Coords points="566,1239 566,1257 1840,1248 1842,1224 1838,1182 1720,1182 1702,1169 1700,1169 1698,1169 1695,1169 1693,1169 1652,1185 1525,1185 1503,1169 1501,1169 1498,1169 1496,1169 1494,1169 1468,1182 1428,1169 1426,1169 1424,1169 1422,1169 1374,1185 1330,1169 1328,1169 1326,1169 1323,1169 1288,1189 1194,1189 1142,1172 1140,1172 1137,1172 1135,1172 1133,1172 1111,1189 1056,1189 1026,1174 1024,1174 1021,1174 919,1189 866,1176 864,1176 862,1176 860,1176 857,1176 857,1178 844,1189 831,1178 831,1176 829,1176 827,1176 750,1176 748,1176 680,1187 617,1178 614,1178 612,1178 564,1196 566,1239"/>
        <Baseline points="566,1239 1842,1224"/>
        <TextEquiv>
          <Unicode>Adams ſuͤnde / allzumal verderbt / ſuͤnder vnnd ver⸗</Unicode>
        </TextEquiv>
      </TextLine>
      <TextLine id="eSc_line_2ff911f8" >
        <Coords points="564,1303 564,1322 1840,1320 1842,1292 1838,1246 1076,1239 1074,1239 1072,1239 1041,1250 870,1242 868,1242 814,1252 584,1244 582,1244 579,1244 577,1244 562,1250 564,1303"/>
        <Baseline points="564,1303 1842,1292"/>
        <TextEquiv>
          <Unicode>dampt ſeind / Ro. v. Pſal.l. Im andern ſtecke das ſtuͤ⸗</Unicode>
        </TextEquiv>
      </TextLine>
      <TextLine id="eSc_line_3b58d005" >
        <Coords points="562,1371 562,1386 1520,1392 1523,1392 1525,1392 1566,1381 1816,1390 1818,1390 1820,1390 1844,1377 1844,1362 1840,1314 1660,1303 1658,1303 1656,1303 1630,1314 1623,1314 1496,1305 1494,1305 1442,1316 1437,1316 1431,1316 1389,1305 1387,1305 1385,1305 1302,1316 1299,1316 1271,1305 1269,1305 1267,1305 1264,1305 1240,1316 1199,1305 1197,1305 1194,1305 1192,1305 1190,1305 1190,1307 1179,1316 1164,1307 1161,1307 1159,1307 1157,1307 1030,1318 1024,1318 1019,1318 967,1307 965,1307 962,1307 960,1307 960,1309 949,1318 945,1318 601,1309 599,1309 597,1309 560,1318 562,1371"/>
        <Baseline points="562,1371 1844,1362"/>
        <TextEquiv>
          <Unicode>cklein / das wir alle durch Jeſum Chꝛiſt / von ſolchem</Unicode>
        </TextEquiv>
      </TextLine>
      <TextLine id="eSc_line_0e5dc1c9" >
        <Coords points="562,1434 562,1451 879,1462 881,1462 986,1451 993,1451 1000,1451 1113,1460 1116,1460 1190,1451 1205,1449 1842,1449 1842,1425 1835,1377 560,1386 562,1434"/>
        <Baseline points="562,1434 1842,1425"/>
        <TextEquiv>
          <Unicode>verderbten / ſundlichem verdampten weſen / erloͤſet</Unicode>
        </TextEquiv>
      </TextLine>
      <TextLine id="eSc_line_df2a5e18" >
        <Coords points="562,1504 562,1535 774,1521 1833,1521 1838,1491 1835,1445 1814,1434 1811,1434 1809,1434 1807,1434 1805,1434 1792,1445 1790,1447 1720,1447 1695,1447 1667,1434 1665,1434 1663,1434 1518,1447 1505,1436 1505,1434 1503,1434 1501,1434 1498,1434 1496,1434 1444,1447 1424,1434 1422,1434 1420,1434 1418,1434 1415,1434 1385,1449 1352,1436 1350,1436 1348,1436 1240,1449 1199,1436 1197,1436 1194,1436 1105,1451 984,1438 982,1438 980,1438 978,1438 978,1441 960,1454 960,1456 912,1456 800,1456 776,1441 774,1441 772,1441 770,1441 702,1456 680,1443 678,1443 676,1443 674,1443 671,1443 649,1454 568,1443 566,1443 564,1443 562,1443 562,1445 560,1445 562,1504"/>
        <Baseline points="562,1504 1838,1491"/>
        <TextEquiv>
          <Unicode>ſeind / Roma. v. Joh. iij. Der liebe ſecklein habe auch</Unicode>
        </TextEquiv>
      </TextLine>
      <TextLine id="eSc_line_db8401f8" >
        <Coords points="564,1572 564,1589 693,1600 695,1600 698,1600 746,1589 754,1585 975,1585 984,1587 1021,1596 1024,1596 1026,1596 1028,1596 1059,1585 1063,1585 1081,1585 1236,1594 1238,1594 1835,1576 1838,1556 1833,1513 1676,1502 1674,1502 1671,1502 1649,1513 1643,1513 1479,1504 1477,1504 1474,1504 1472,1504 1472,1506 1470,1506 1463,1515 1455,1515 1352,1506 1350,1506 1293,1517 1284,1519 562,1521 564,1572"/>
        <Baseline points="564,1572 1838,1556"/>
        <TextEquiv>
          <Unicode>zwey beutlein. Inn dem eynen ſtecke diß ſtucke / das</Unicode>
        </TextEquiv>
      </TextLine>
      <TextLine id="eSc_line_52eeec10" >
        <Coords points="562,1635 562,1655 1838,1644 1840,1624 1835,1583 1737,1570 1735,1570 1415,1583 1361,1572 1358,1572 1356,1572 1321,1585 1245,1574 1242,1574 1240,1574 1218,1585 890,1576 888,1576 886,1576 884,1576 870,1589 746,1589 719,1578 717,1578 715,1578 713,1578 669,1589 632,1578 630,1578 628,1578 560,1591 562,1635"/>
        <Baseline points="562,1635 1840,1624"/>
        <TextEquiv>
          <Unicode>wir yderman ſollē dıenen vñ wolthun wie vns Chꝛi⸗</Unicode>
        </TextEquiv>
      </TextLine>
      <TextLine id="eSc_line_7feb2839" >
        <Coords points="560,1705 560,1727 1840,1714 1842,1692 1835,1644 1685,1644 1680,1644 1665,1633 1663,1633 1660,1633 1658,1633 1656,1633 1625,1644 1614,1648 1516,1648 1512,1644 1501,1635 1498,1635 1496,1635 1494,1635 1433,1644 1393,1650 1304,1650 1295,1644 1288,1637 1286,1637 1284,1637 1282,1637 1236,1644 1190,1650 1153,1644 1126,1640 1124,1640 1089,1644 1043,1650 965,1644 925,1642 923,1642 921,1642 919,1642 919,1644 916,1644 908,1653 855,1644 833,1642 831,1642 814,1644 776,1653 719,1644 709,1644 706,1644 704,1644 702,1644 687,1655 558,1646 560,1705"/>
        <Baseline points="560,1705 1842,1692"/>
        <TextEquiv>
          <Unicode>ſtus than hat. Ko. xiij. Im andern ſtecke das ſtucklein</Unicode>
        </TextEquiv>
      </TextLine>
      <TextLine id="eSc_line_3ce8d6c0" >
        <Coords points="560,1769 560,1786 1835,1782 1838,1762 1833,1714 558,1714 560,1769"/>
        <Baseline points="560,1769 1838,1762"/>
        <TextEquiv>
          <Unicode>das wir allerley boͤſes gerne leyden vñ dulden ſollen.</Unicode>
        </TextEquiv>
      </TextLine>
      <TextLine id="eSc_line_2923eaa1" >
        <Coords points="687,1834 687,1860 1835,1847 1838,1823 1833,1779 1606,1769 1604,1769 1601,1769 1599,1769 1584,1779 706,1777 704,1777 702,1777 700,1777 684,1786 687,1834"/>
        <Baseline points="687,1834 1838,1823"/>
        <TextEquiv>
          <Unicode>Wenn nun ein kind beginnet ſolchs zu begreiffen</Unicode>
        </TextEquiv>
      </TextLine>
      <TextLine id="eSc_line_e1a62cef" >
        <Coords points="558,1902 558,1922 1835,1922 1838,1893 1833,1847 555,1845 558,1902"/>
        <Baseline points="558,1902 1838,1893"/>
        <TextEquiv>
          <Unicode>das manns gewene / auß den pꝛedigeten ſpꝛuͤche der</Unicode>
        </TextEquiv>
      </TextLine>
      <TextLine id="eSc_line_e8f14116" >
        <Coords points="560,1970 560,1996 1829,1978 1831,1957 1827,1913 1617,1900 1614,1900 1612,1900 1610,1900 1595,1913 1404,1902 1402,1902 1400,1902 1398,1902 1376,1915 1245,1904 1242,1904 1177,1917 1177,1919 1168,1919 1032,1919 1006,1906 1004,1906 1002,1906 1000,1906 997,1906 975,1919 973,1919 805,1908 803,1908 800,1908 765,1922 761,1922 575,1911 573,1911 571,1911 568,1911 558,1917 560,1970"/>
        <Baseline points="560,1970 1831,1957"/>
        <TextEquiv>
          <Unicode>ſchꝛifft mit ſich zu bꝛingen vñ den elltern auffzuſagen /</Unicode>
        </TextEquiv>
      </TextLine>
      <TextLine id="eSc_line_12442121" >
        <Coords points="560,2031 560,2053 1829,2046 1831,2024 1825,1978 558,1981 560,2031"/>
        <Baseline points="560,2031 1831,2024"/>
        <TextEquiv>
          <Unicode>wenn man eſſen wıl uͤbertiſſche / gleich wie man voꝛ⸗</Unicode>
        </TextEquiv>
      </TextLine>
      <TextLine id="eSc_line_049187b3" >
        <Coords points="558,2103 558,2134 741,2134 748,2136 763,2147 765,2147 768,2147 770,2147 772,2147 796,2138 814,2132 886,2138 892,2138 910,2153 910,2156 912,2156 914,2156 916,2158 1061,2158 1061,2156 1063,2156 1065,2156 1065,2153 1081,2140 1085,2134 1146,2129 1177,2140 1190,2147 1192,2147 1194,2147 1249,2142 1312,2136 1337,2142 1365,2151 1367,2151 1369,2151 1372,2151 1374,2151 1383,2142 1396,2134 1407,2142 1409,2142 1411,2142 1413,2142 1415,2142 1448,2127 1494,2127 1525,2145 1529,2149 1531,2149 1534,2149 1536,2149 1538,2149 1540,2149 1544,2145 1560,2134 1604,2145 1617,2149 1619,2149 1621,2149 1623,2149 1632,2147 1676,2125 1693,2142 1693,2145 1695,2145 1698,2145 1700,2145 1702,2145 1744,2134 1763,2147 1765,2149 1768,2149 1770,2149 1772,2149 1825,2147 1825,2092 1820,2046 1315,2037 1312,2037 1310,2037 1271,2048 814,2042 811,2042 809,2042 807,2042 787,2053 577,2044 575,2044 573,2044 571,2044 555,2051 558,2103"/>
        <Baseline points="558,2103 1825,2092"/>
        <TextEquiv>
          <Unicode>zeiten das latein auffzuſagen pfleget / vñ darnach die</Unicode>
        </TextEquiv>
      </TextLine>
    </TextRegion>
  </Page>
</PcGts>
