2620 3440
160 324 1853 435 woꝛt außwendig lernen noch reden / wie biß her ge⸗
166 412 1851 523 ſchehen iſt / ſonder von ſtuck zu ſtuck frage vnd ſie ant
166 500 1851 611 woꝛten laſſe / was ein yglichs bedeute / vnd wie ſie es
164 592 1843 695 verſtehen. Kan man auff ein mal nicht alles fragen/
168 680 1856 785 ſo neme man eyn ſtuck fuͤr / des andern tages eyn an⸗
158 768 1845 865 ders / Denn wo die eltern oder verweſer der iugent di⸗
168 850 1847 961 ſe muͤhe durch ſich ſelbs oder andere nicht wolle mit
164 944 1847 1045 in haben / ſo wird nymer mehꝛ kein Catechiſmus an⸗
166 1032 1851 1139 gericht werden / Es keme deñ dazu / das man eine ſon⸗
162 1121 1495 1225 derliche gemeine anrichtet / wie geſagt iſt.
332 1202 1843 1314 Nemlich alſo ſol man ſie fragen / Was betteſtu?
164 1295 1847 1398 Antwoꝛt / das vater vnſer. Was iſts denn / das du
164 1383 1847 1488 ſpꝛichſt / Vater vnſer im hymel- Antwoꝛt / Das Gott
164 1469 1847 1580 nicht eyn yrdeniſcher / ſonder ein hymliſcher vater iſt
162 1557 1845 1666 der vns im hymel wil reich vnnd ſelig machen. Was
164 1647 1843 1750 heyſt deñ dein name werde geheyliget? Antwoꝛt / das
170 1737 1843 1842 wir ſeinen namen ſollen ehꝛen vnd ſchonen / auff das
162 1819 1845 1930 er nicht geſchendet werde? Wie wird er denn geſchen
162 1913 1845 2018 det vnnd entheyliget? Antwoꝛt / Wenn wir / die ſeyne
164 1997 1843 2104 kynder ſollen ſein / uͤbel leben / vnrecht leren vnd glau⸗
166 2085 1841 2190 ben. Vnd ſo foꝛt an / was Gottes reich heyſſe / wie es
166 2172 1841 2279 kompt / was Gottes wille / was teglich bꝛot ꝛc. heyſſe.
170 2262 1847 2369 Alſo auch im glauben / Wie glaubeſtu? Antwoꝛt Ich
170 2354 1845 2450 glaube an Gott vater durch auß Dar noch von ſtuck
170 2440 1834 2547 zu ſtuck / dar nachs die zeyt gibt / eynes oder zwey auff
166 2524 1843 2627 ein mal. Alſo / was heyſt an Gott den vater almechti⸗
170 2614 1851 2717 gen glauben? Antwoꝛt / Es heyſt / wenn das hertze im
166 2702 1845 2832 gantz vertrawet / vnd ſich aller gnaden / gunſt / huͤlffe
1585 2788 1673 2901 B
