2620 3440
696 275 2405 410 vnd troſt / zu im gewißlich verſihet / zeytlich vñ ewig⸗
696 359 2403 510 lich. Was heyſt an Jeſum Chꝛiſt ſeinen ſuͦn glauben?
705 454 2411 592 Antwoꝛt. Es heyſt / wenn das hertze glaubt / das wir
703 538 2409 684 alle verloꝛn weren ewiglich / wo Chꝛiſtus nicht fuͤr
705 632 2415 774 vns geſtoꝛben were ꝛc. Alſo auch inn den zehen gebot⸗
705 720 2411 860 ten muß man fragen. Was das erſt / das ander / das
709 814 2411 951 dutte vnd andere gebott deuten. Solche fragen mag
711 900 2413 1033 man nemen auß dem vnſern bettbuͤchlein / da die dꝛey
711 984 2417 1127 ſtuck kurtz außgelegt ſeind / oder ſelbs anders machen
711 1079 2419 1217 bis das man die gantze ſumma des Chꝛiſtlichen ver⸗
715 1163 2421 1309 ſtands inn zwey ſtucke als inn zwey ſecklein faſſe im
715 1257 2421 1397 hertzen / welchs ſeind / glaube vnd liebe. Des glauben
720 1341 2423 1481 ſecklein haben zwey beutlein / inn dem einem beutlein
722 1427 2417 1570 ſtecke das ſtuck / das wir glaubenn / wie wir durchs
726 1517 2423 1653 Adams ſuͤnde / allzumal verderbt / ſuͤnder vnnd ver⸗
724 1603 2424 1748 dampt ſeind / Ro. v. Pſal. I. Im andern ſtecke das ſtuͤ⸗
726 1697 2423 1830 cklein / das wir alle durch Jeſum Chꝛiſt / von ſolchem
726 1786 2426 1924 verderbten / ſundlichem verdampten weſen / erloͤſet
726 1869 2426 2016 ſeind / Roma. v. Joh. iij. Der liebe ſecklein habe auch
734 1964 2426 2102 zwey beutlein. Inn dem eynen ſtecke diß ſtucke / das
732 2052 2428 2184 wir yderman ſolle dienen vñ wolthun wie vns Chꝛi⸗
730 2138 2432 2285 ſtus than hat. Ro. xiij. Im andern ſtecke das ſtucklein
728 2228 2428 2364 das wir allerley boͤſes gerne leyden vñ dulden ſollen.
904 2314 2430 2459 Wenn nun ein kind beginnet ſolchs zu begreiffen
728 2411 2430 2541 das manns gewene / auß den pꝛedigeten ſpꝛuͤche der
732 2494 2421 2635 ſchꝛifft mit ſich zu bꝛingen vñ den elltern auffzuſagen/
734 2591 2428 2727 wenn man eſſen wil uͤbertiſſche / gleich wie man voꝛ⸗
734 2673 2424 2834 zeiten das latein auffzuſagen pfleget / vñ darnach die
