1983 2594
553 203 1827 315 lige geyſt nicht im anfange / Er harret nicht biß alle
560 291 1825 382 welt gen Jeuſalē keme vñ lernet ebꝛeiſch / ſonder gab
555 358 1820 445 allerley zungen zum pꝛedig ampt das die Apoſtel re⸗
557 423 1827 507 den kunden / wo ſie hyn kamen. Dıem exempel wil ich
553 486 1827 577 lieber folgen / vnd iſt auch billich / das man die iugent
570 555 1825 642 inn vielen ſpꝛachen uͤbe / wer weys wie Gott yhꝛ mit
570 622 1827 719 der zeyt bꝛauchenn wrd? da zu ſeind auch die ſchulen
568 693 804 786 geſtifftet.
691 750 1831 840 Zum andern iſt die deutſche Meſſe vnd Gottes
557 834 1829 910 dienſt / da von wır ytzt handeln / welche vmb der ein⸗
557 888 1829 983 feltigen leyen willen geoꝛdent werden ſollen. Aber di⸗
560 953 1827 1052 ſe zwo weyſe muͤſſen wir alſo gehen vñ geſchehen laſ
557 1022 1831 1106 ſen / das ſie offentlich in den kirchen fuͤr allem volck ge
560 1095 1835 1178 halten werdenn / darunter viel ſeind / die noch nicht
562 1158 1833 1249 glauben oder Chꝛiſten ſeind / ſonder / das mehꝛer teyt
560 1223 1829 1309 da ſteht vnd gaffet / das ſie auch etwas newes ſehen /
564 1301 1833 1376 gerade / als wenn wir mittenn vnter den tuͤrcken oder
564 1359 1833 1441 heyden auffeym freyen platz oder felde Gottes dienſt
562 1424 1833 1515 hielten / denn hie iſt noch keyne geoꝛdente vnd gewiſ⸗
564 1489 1833 1582 ſe verſamlunge / darinnen man kunde nach dem Euā⸗
566 1554 1833 1651 gelio die Chꝛıſten regiern / Sonder iſt eine offentliche
568 1627 1682 1705 reytzung zum glauben vnd zum Chꝛiſtenthum.
702 1692 1833 1779 Aber die dꝛitte weyſe / dıe rechte art der Euange
568 1753 1835 1843 liſchen oꝛdnunge habē ſollte / muſte nicht ſo offentlich
570 1824 1838 1904 auff dem platz geſchehenn vnter allerley volck / ſon⸗
570 1893 1838 1971 der die ienigen / ſo mit ernſt Chꝛıſten woͤllen ſeyn / vñ
573 1964 1838 2042 das Euangelion mit hand vnd munde bekennen / mu⸗
570 2021 1840 2133 ſten mit namen ſich eyn zeychen / vnd etwo ın eym hau
