2620 3440
149 275 1849 395 ſpꝛuͤche in die ſecklein vñ beutlein ſtecken / wie man die
151 361 1839 485 pfennige vñ groſchen oder gulden in die taſſche ſteckt.
152 449 1839 569 Als / des glaubens ſecklein ſey das gulden ſecklein inn
149 535 1835 657 das erſte beutlein gehe diſer ſpꝛuch. Rom. v. An eines
151 632 1843 745 einigen ſuͤnde / ſeind ſie alle ſuͤnder vñ verdampt woꝛ⸗
151 712 1837 833 den. Vnd der Pſal. I. Sihe inn ſuͤnden bin ich empfan⸗
154 802 1837 921 gen / vnnd inn vnrecht trug mich meine mutter. Das
160 888 1839 1007 ſeind zween reyniſche gulden in das beutlein. Inn das
158 978 1845 1091 ander beutlein gehen die vngeriſchen gulden / als diſer
162 1064 1845 1184 ſpꝛuch. Rom. v. Chꝛiſtus iſt fuͤr vnſer ſund geſtoꝛben
164 1154 1843 1274 vnd fuͤr vnſer gerechtigkeyt aufferſtanden. Item Jo.
166 1238 1849 1351 iij. Sihe das iſt Gottes lamb / das der wellt ſuͤnde
166 1330 1851 1450 tregt. Das weren zween gute Vngeriſche gulden inn
166 1416 1851 1530 das beutlcin. Der liebe ſecklein ſey das ſylberne ſeck⸗
166 1504 1853 1626 lein. Inn das erſte beutlein gehe die ſpꝛuͤche vom wol⸗
170 1595 1853 1702 thun / als Gal. iiij. Dienet vntereinander inn der liebe.
172 1689 1858 1800 Matth. xxv. Was yhꝛ einem auß meynem geringſten
172 1775 1858 1884 thut / das habt jr mir ſelbs gethan. Das weren zween
177 1859 1860 1972 ſylbernn groſſchen inn das beutlein. Inn das ander
175 1941 1855 2065 beutlein gehe diſer ſpꝛuch. Matth. v. Selig ſeyt ir / ſo
179 2033 1864 2150 ir verfolget werdet uͤmb meinen wille. Ebꝛe. xij. Wen
177 2117 1864 2237 der herr liebet / den zuͤchtiget er. Er ſteupt aber eynen
185 2207 1868 2327 ygliche ſuͦn / den er auffnympt. Das ſeind zween ſchꝛe⸗
181 2297 1868 2413 ckenberger inn das beutlein. Vñ laß ſich hie niemand
183 2381 1868 2497 zu klug duncken vñ verachte ſolch kynder ſpiel. Chꝛi⸗
185 2472 1866 2585 ſtus / da er menſche zihen wolte / muſte er menſch wer
183 2555 1870 2673 den. Solle wir kynder zihen / ſo muͤſſen wir auch kyn
175 2644 1872 2784 der mit in werden. Wollt Gott / die ſolch kynderſpiel
1516 2736 1709 2834 B ij
