1979 2590
116 189 1391 293 ſpꝛuͤche in die ſecklein vñ beutlein ſtecken / wie man die
114 271 1376 360 pfennige vñ groſchen oder gulden in dıe taſſchē ſteckt.
114 343 1387 433 Als / des glaubens ſecklein ſey das gulden ſecklein inn
114 401 1382 489 das erſte beutlein gehe diſer ſpꝛuch. Rom̃. v. An eines
116 470 1384 556 einigen ſuͤnde / ſeind ſie alle ſuͤnder vñ verdampt woꝛ⸗
116 535 1384 619 den. Vnd der Pſal. l. Sıhe ınn ſuͤnden bin ich empfan⸗
118 608 1384 688 gen / vnnd inn vnrecht trug mich meine mutter. Das
118 666 1389 753 ſeind zween reyniſche gulden in das beutleın. Inn das
118 731 1384 820 ander beutlein gehen die vngeriſchen gulden / als dıſer
120 802 1387 895 ſpꝛuch. Rom̃. v. Chꝛıſtus iſt fuͤr vnſer ſund geſtoꝛben
120 867 1376 958 vnd fuͤr vnſer gerechtigkeyt aufferſtanden. Item Io.
123 928 1387 1016 iij. Sıhe das ıſt Gottes lamb / das der wellt ſuͤnde
125 997 1389 1081 tregt. Das weren zween gute Vngeriſche gulden inn
123 1061 1382 1148 das beutlein. Der liebe ſecklein ſey das ſylberne ſeck⸗
123 1133 1387 1215 leın. Inn das erſte beutlein gehē die ſpꝛuͤche vom wol⸗
125 1197 1387 1279 thun / als Gal. iiij. Dienet vntereinander inn der liebe.
127 1269 1395 1353 Matth. xxv. Was yhꝛ einem auß meynem geringſten
127 1331 1393 1415 thut / das habt jr mir ſelbs gethan. Das weren zween
129 1394 1393 1478 ſylbernn groſſchen inn das beutlein. Inn das ander
129 1456 1391 1554 beutlein gehe diſer ſpꝛuch. Matth. v. Selig ſeyt ir / ſo
129 1525 1397 1607 ir verfolget werdet uͤmb meinen willē. Ebꝛe. xij. Wen
129 1595 1397 1681 der herr liebet / den zuͤchtiget er. Er ſteupt aber eynen
131 1657 1395 1750 yglichē ſůn / den er auffnympt. Das ſeind zween ſchꝛe⸗
131 1724 1395 1813 ckenberger inn das beutlein. Vñ laß ſich hie niemand
136 1789 1393 1871 zu klug duncken vñ verachte ſolch kynder ſpiel. Chꝛi⸗
136 1851 1399 1946 ſtus / da er menſchē zihen wolte / muſte er menſch wer
133 1914 1399 2011 den. Sollē wir kynder zıhen / ſo muͤſſen wir auch kyn
133 1985 1397 2097 der mit jn werden. Wollt Gott / dıe ſolch kynderſpıel
1142 2050 1263 2136 B ij
