2584 4036
513 466 2103 542 Wenn der Vorort des ganzen Gaues in biſchöflichen Beſitz
370 533 2106 614 überging, ſo mußte das für die ganze Gegend von weittragenden
370 603 2103 692 Folgen ſein. Dies dürfen wir vor allem für das religiöſe und kirch⸗
370 674 2106 751 liche Leben unbedenklich annehmen. Es konnte nach der Beſitzergrei⸗
372 746 2108 825 fung durch den Biſchof nicht mehr lange währen, bis die im Dienſte
370 820 2103 905 des geiſtlichen Herrn ſtehenden Leute auf dem Herrſchaftshofe, Ver⸗
370 887 2106 970 walter wie Geſinde, Chriſten geworden waren. Nicht lange, ſo
367 957 2103 1040 erhob ſich auf dem Hofe zunächſt dem Saale ein hölzernes Gottes⸗
370 1031 2103 1109 haus (wo jetzt die St. Sebaſtianskirche). Zur Zeit der Dagobert⸗
370 1096 2106 1192 ſchen Schenkung kann noch keine Kirche hier geweſen ſein; ſonſt hätte
367 1174 2103 1257 die Urkunde, auch die nachträglich hergeſtellte, eine ſolche nicht un⸗
365 1242 2106 1336 erwähnt gelaſſen. Nun aber geſellte ſich bald zu den Hofinſaſſen
365 1311 2106 1408 ein ſtändig angeſtellter Prieſter, zu deſſen Lebensunterhalt gewiſſe
367 1383 2101 1466 Einkünfte und Gefälle beſtimmt wurden. Mit der Zeit mehrte ſich
365 1452 2101 1542 die Zahl der Leute, welche aus Stadt und Umgegend herbeikamen,
363 1522 2103 1618 den chriſtlichen Gottesdienſt mitzufeiern und ſchließlich ſich im Neckar
365 1596 2101 1690 taufen zu laſſen. Zur Zeit des Biſchofs St. Rupertus, den ſein
365 1665 2103 1760 Miſſionsdrang im Jahre 696 nach Bayern trieb, iſt während ſeiner
365 1733 2101 1822 Wirkſamkeit in Worms auch unſre Heimat von ſeinem Bekehrungs⸗
363 1807 1343 1887 eifer gewiß nicht unberührt geblieben.
511 1876 2103 1973 Immerhin hat es nach der Taufe zu Rheims 496 noch über
365 1959 2101 2044 zweihundert Jahre gedauert, bis die Einführung des Chriſtentums
363 2029 2101 2107 in den rechtsrheiniſchen Gauen vollendet worden iſt. Dies geſchah
361 2087 2103 2188 in der erſten Hälfte des achten Jahrhunderts. Es war die Zeit
361 2161 2101 2246 da die Gottesmänner Pirmin und Bonifatius, der eine vom
361 2239 2101 2320 Oberrhein bis in den Odenwald, der andere zuerſt in Heſſen und
363 2300 2101 2399 Thüringen ihre großartige Thätigkeit entfalteten. Vollends aber
361 2374 2099 2466 nachdem Bonifatius ſeinen erzbiſchöflichen Sitz in Mainz eingenom⸗
361 2446 2101 2544 men, lag auch die Neckargegend ganz nahe für ſeine unermüdlichen
363 2515 2099 2609 Beſtrebungen. Werden wir es doch nicht am wenigſten den von
363 2587 2099 2677 Bonifatius ausgegangenen Einwirkungen zuzuſchreiben haben, daß
361 2659 2097 2755 um die Mitte des achten Jahrhunderts die rechtsrheiniſche Pfalz als
361 2737 1413 2809 ein durchaus chriſtliches Gebiet erſcheint.
502 2800 2099 2894 Iſt die damalige Einführung des Chriſtentums zugleich
358 2881 2099 2966 eine Wiederherſtellung geweſen? Dieſe oft erhobene Frage kann
358 2950 2097 3029 für unſre Heimat nur vermutungsweiſe beantwortet werden, weil
358 3013 2097 3107 keine Denkmäler vorhanden ſind, die dafür Zeugnis geben. Wo
358 3085 2097 3170 römiſche Heeresabteilungen ſtehende Lager oder Garniſonsorte hatten,
358 3159 2097 3242 haben ſie nachgewieſenermaßen mancherlei Religion und Götterdienſt
361 3226 2097 3314 mitgebracht. Daß darunter auch das Chriſtentum war, iſt für andre
361 3296 2095 3405 Gegenden, z. B. bei Wiesbaden, durch Grabſteine mit chriſtlichen In⸗
1214 326 1278 420 21
