2584 4036
482 497 2218 574 geſtellt bleiben; auf einem Heidelberger Denkmal kommen ſolche vor,
482 565 2218 645 ſind alſo für hier immerhin möglich. Der wichtigſte Tempel dürfte
482 639 1868 719 übrigens vor der Stadt draußen geſtanden haben. —
625 708 2216 784 Den Hauptbeſtandteil der Einwohnerſchaft bildeten die Vicani,
480 782 2216 861 eingeſeſſene Ortseinwohner, zu welchen die Peregrini hinzukamen,
482 854 2220 935 vorübergehend hier wohnende Geſchäftsleute. Aus einer wichtigen
480 921 2220 1006 großen Inſchrift, welche ſich jetzt in Karlsruhe beſindet, aber leider
480 993 2218 1067 unvollſtändig iſt, erfahren wir einige Namen derſelben: Quintus
480 1065 2218 1143 Vennonius, Pompejanus, Gabinius, Caſſius, Martialinius. Ganz
480 1134 2216 1210 im Stile der damals in den Provinzen üblichen Namengebung lautend
480 1206 2072 1282 laſſen dieſe Namen auf keltoromaniſche Bevölkerung ſchließen.
623 1275 2220 1354 Die Einzelhöfe der Umgegend (Roſenhof, Römerdenkmal bei
482 1347 2216 1423 Schriesheim u. ſ. w.) mögen Veteranengüter geweſen ſein oder Land⸗
482 1419 1626 1495 häuſer der reicheren Grundbeſitzer von hier.
623 1491 2218 1574 Für den kaiſerlichen Poſtverkehr auf der Staatsſtraße befand
480 1562 2220 1645 ſich wohl auch hier eine Station zum Wechſeln der Zugtiere mit
482 1636 1242 1717 dem erforderlichen Perſonale.
625 1704 2218 1789 Die Zeiten des Kaiſers Trajanus und ſeiner Nachfolger ge⸗
480 1773 2218 1852 ſtalteten ſich für die Rheinlande zu einer Aera dauernden Friedens
480 1845 2216 1919 und im Zuſammenhang damit blühender Kultur. Zeugen dafür ſind
480 1917 2216 1995 die in außerordentlich großer Zahl ausgegrabenen Reſte von Bau⸗
482 1991 2216 2062 lichkeiten, Kunſt⸗ und Haushaltungsgegenſtänden, Münzen u. ſ. w.,
482 2058 2216 2143 welche ſich auch auf dem rechten Rheinufer gefunden haben. Zu
482 2136 2218 2222 der erſtaunlichen Fülle römiſcher Ausgrabungsfunde hat auch unſre
484 2199 2216 2280 Stadt ganz anſehnliche Beiträge geliefert, und es iſt nur zu bedauern,
482 2271 2216 2349 daß von den vielen Fundſtücken ſo gut wie gar nichts hier geblieben,
484 2345 1763 2423 das meiſte unwiederbringlich zerſtreut worden iſt.
630 2412 2218 2495 Zur Sicherung des Friedens trug namentlich der hochwichtige
480 2484 2216 2558 Grenzwall(Limes) bei, welcher ſchon unter Tiberius bezw. Domitianus
480 2556 2216 2630 begonnen, durch Trajanus und deſſen Nachfolger vollendet wurde.
484 2625 2218 2706 In ſeinem ununterbrochenen Zuge von der Donau bei Kelheim zum
482 2710 2218 2771 Main und von dort bis zum Rhein bei Rheinbrohl durch zahlreiche
482 2766 2218 2847 Kaſtelle geſchützt, bildete dieſer Grenzwall eine ſtarke Schutzwehr
480 2840 2216 2923 gegen Einfälle und Raubzüge der Germanen, und ſicherte dem Grenz⸗
482 2912 2218 2988 lande eine längere Zeit friedlicher Entwickelung. An dieſer Ent⸗
482 2984 2220 3056 wickelung hatten ganz beſonders die planmäßig angelegten und ſtark
480 3053 2220 3130 gebauten Straßen den größten Anteil. Die Nachwirkungen der
482 3121 2218 3197 römiſchen Civiliſation ſind in den rechtsrheiniſchen Gebieten bis heute
482 3197 2220 3278 noch wahrzunehmen. Neben Haus⸗, Garten⸗ und Landwirtſchaft
484 3275 2218 3347 waren es beſonders die Bauhandwerker, die Waffenſchmiede, Weber,
482 3336 2218 3432 Gerber, Töpfer, welche unter römiſchem Einfluß und nach römiſchen
1330 354 1377 439 8
