2584 4036
331 493 2065 576 tinianus, auf dem Heiligenberg*) ein Kaſtell zu bauen, dürfen
329 565 2065 648 wir nicht unerwähnt laſſen. Es war im Jahre 369. Die Bau⸗
327 634 2068 719 leute, beziehungsweiſe mit dem Bau beſchäftigten Soldaten wurden
331 708 1632 780 von den Alemannen überfallen und niedergemacht.
473 775 2068 861 Bis zum Jahre 374 hielt ſich Valentinianus zeitweiſe am
331 849 2068 930 Rheine auf. Nach ſeinem Wegzug hatten die Alemannen Ruhe vor
331 921 2068 1004 den römiſchen Heeren. Als vollends um das Jahr 400 Kaiſer
331 991 2063 1062 Honorius oder vielmehr ſein deutſcher Miniſter Stilicho die römi⸗
329 1062 2063 1136 ſchen Beſatzungen aus den Rheinlanden abrief, weil er derſelben
331 1132 2063 1208 zur Verteidigung Italiens gegen die Weſtgoten bedurfte, da ergoß
329 1206 2061 1287 ſich eine Hochflut deutſcher Stämme unaufhaltſam über den Rhein
329 1273 2063 1356 nach Gallien hinein. Insbeſondere brachte das Jahr 406 durch
329 1345 2063 1419 den furchtbaren Einfall der Vandalen und Sueben den Rheinſtädten
331 1421 2063 1502 Mainz, Worms und Speier grauenhafte Verheerung und unaus⸗
323 1484 805 1567 ſprechliches Elend.
471 1556 2063 1632 Die Herrſchaft Roms war nunmehr für beide Ufer des Rheines
327 1627 2063 1713 endgültig untergegangen. Seit 400 war der Rhein Deutſchlands
331 1704 2063 1775 Strom, nicht mehr Deutſchlands Grenze. Wäre er das erſte nur
327 1769 776 1856 immer geblieben!
475 1894 2059 1984 *) Bei Ammianus Marcellinus Mons Pirus genannt; ob derſelbe mit dem
327 1955 1433 2058 Heiligenberg identiſch, ſteht freilich nicht völlig feſt.
1160 363 1234 457 11
