2584 4036
473 470 2211 538 Verheerung ein Reſt der alten Bevölkerung ſich unter den Ruinen
473 533 2213 609 einrichtete, um kümmerlich ſein Daſein zu friſten, bis wieder beſſere
480 600 2211 692 Zeiten kämen. Es ſpricht für die Lebenszähigkeit der uralten kel⸗
475 674 2211 753 tiſch⸗römiſchen Hauptorte am Mittelrhein und Neckar, daß ſie auch
477 753 2213 825 nach grauſamſter Verheerung ſich immer wieder erhoben, um ſchließ⸗
475 818 2213 896 lich unter ganz veränderten politiſchen Bedingungen doch wieder als
477 892 2032 964 beherrſchende Mittelpunkte der ganzen Gegend zu erſcheinen.
616 968 2216 1042 Gegen Ende des dritten Jahrhunderts errangen die kriege⸗
480 1031 2216 1109 riſchen Kaiſer Aurelianus und Probus erhebliche Erfolge gegen die
484 1107 2216 1177 Alemannen und trieben ſie zeitweiſe bis zur Rauhen Alb zurück.
482 1174 2218 1251 Aber auch dieſe vorübergehenden Erfolge konnten auf die Dauer an
480 1244 2216 1320 der Thatſache nichts ändern, daß das rechte Rheinufer ſich unwider⸗
480 1316 2216 1396 ruflich im Beſitze der Alemannen befand. Wenn daher in dem dar⸗
480 1387 2218 1466 auf folgenden Jahrhundert unſre Heimat noch mehrmals ſiegreiche
482 1457 2220 1547 Feldzüge römiſcher Heere geſehen hat, ſo konnten dieſe doch nur den
486 1531 2218 1616 Zweck haben, durch Verwüſtung des rechten Rheinufers das wilde,
482 1600 2218 1677 ſtets zu neuen Einfällen über den Rhein geneigte Volk zurückzu⸗
482 1677 2218 1757 ſchrecken und dadurch den römiſchen Beſitz auf dem linken Rhein⸗
484 1742 2218 1829 ufer zu ſichern. Derart waren die Unternehmungen des großen Ale⸗
484 1822 2218 1892 mannenſiegers von Straßburg, Julianus, in den Jahren 357 bis
486 1887 2222 1959 359, wobei übrigens die Gaue des am untern Neckar herrſchenden
484 1964 2225 2040 Königs Hortari vom Loſe der Verwüſtung verſchont blieben. Nicht
486 2031 2220 2114 anders ſind auch die Heereszüge ſeines gefeierten Nachfolgers Va⸗
484 2103 2220 2172 lentinianus zu beurteilen. Seit 368 war ſein Streben auf plan⸗
486 2170 2222 2248 mäßige Sicherung des Rheines gerichtet; dieſem Zwecke dienten
486 2242 2222 2320 ſeine von Dichtern und Lobrednern geprieſenen Feldzüge. Einem
486 2311 2222 2399 jener Dichter, Auſonius, verdankt unſre heimatliche Geſchicht⸗
486 2383 2225 2468 ſchreibung die erſte Kenntnis des römiſchen Namens unſrer Stadt;
488 2457 2225 2531 nur daß er aus Lopodunum eine Wolfsburg, Lupodunum, gemacht hat.
625 2524 2227 2605 Von hervorragendem Intereſſe für die Geſchichte unſrer Heimat
486 2594 2227 2670 iſt der Bau eines Kaſtells auf dem Hochufer des Rheines bei der
491 2668 2225 2744 damaligen Mündung des Neckars gegenüber dem jetzigen Altripp
488 2737 2227 2822 (alta ripa = Hochufer). Damit waren merkwürdige Waſſerbauten
493 2809 2227 2894 verbunden zur Sicherung des neuerbauten Kaſtells mittelſt Regu⸗
491 2881 2225 2959 lierung der Neckarmündung. Daß zu den Bauten jenes Kaſtelles,
493 2950 2227 3027 welche auch ein ſtattliches Wohngebäude für den Kaiſer umſchloſſen,
493 3020 2227 3096 ein Teil des Materiales aus den Trümmern von Lopodunum her⸗
495 3092 2229 3170 rührte, namentlich Quaderſteine, welche die umwohnenden Alemannen,
493 3161 2229 3251 dem Befehl des Kaiſers gehorſam, auf Flößen den Neckar herab⸗
495 3235 2229 3320 führten, iſt eine neuerdings ausgeſprochene Vermutung, die manches
495 3305 2229 3408 für ſich hat. Auch den freilich fehlgeſchlagenen Verſuch des Valen⸗
1318 340 1397 419 10
