2584 4036
542 475 2276 565 iſt; die erſte urkundliche Erwähnung von Neckarhauſen, welches
547 544 2278 634 damals zu Edingen gehörte. Ferner daß in einer Handſchuhsheimer
547 614 2278 713 Schenkung vom Jahre 788 als Anſtößer an ein dem Kloſter Lorſch
545 686 2278 773 übergebenes Rebſtück die Kirche, Baſilika, in Lobetdenbure mit
545 757 2274 845 einem Acker bezeichnet iſt. Welche von den hieſigen Kirchen auf
547 829 2283 930 ſolche Weiſe ihre erſte urkundliche Erwähnung findet, läßt ſich nicht
549 899 2281 991 mehr beſtimmen, weil wir darüber im ungewiſſen ſind, ob außer
549 973 2281 1060 der nach unſrer Ueberzeugung älteſten hieſigen Kirche zu St. Seba⸗
549 1042 2283 1139 ſtian auch eine oder die andere der ſpäter aufzuzählenden Kirchen
549 1123 1489 1208 in jener Zeit ſchon vorhanden war.
695 1181 2285 1278 Einige Jahre nach Gründung des Kloſters Lorſch wurden dem⸗
549 1253 2285 1352 ſelben von Papſt Stephan die Reliquien des heiligen Nazarius
551 1322 2281 1426 zugeſandt. Bei der Feier ihrer Einbringung befand ſich auch Graf
554 1396 2287 1486 Warinus unter den erlauchten Trägern des koſtbaren Schreines,
554 1466 2287 1558 darin die geweihten Gebeine niedergelegt wurden. Der Wohnſitz
554 1538 2287 1630 der Gaugrafen, der Saal, blieb auch in biſchöflicher Zeit das Ab⸗
556 1609 2290 1710 ſteigequartier der Könige. Ob Karl der Große ſelbſt und ſeine
558 1677 2287 1778 Söhne anläßlich ihrer oftmaligen Anweſenheit zu Worms dann und
558 1764 2290 1849 wann hier aus⸗ und eingegangen, kann zwar nur vermutet werden,
558 1822 2292 1914 iſt aber durchaus nicht ohne Wahrſcheinlichkeit. Dagegen wiſſen
558 1894 2292 1991 wir ganz zuverläſſig von einem hieſigen Aufenthalte des Königs
560 1964 2292 2053 Ludwig des Deutſchen. Dieſer ließ im Jahre 874 eine Schen⸗
558 2033 2296 2125 kung königlicher Güter an das Kloſter Lorſch zu Lobotenbure
560 2136 877 2199 beurkunden.
702 2179 2299 2266 Uebrigens verweilten die Könige nur vorübergehend je und je
563 2251 2299 2343 im hieſigen Saale. Ihre ſtändigen Stellvertreter, die Inhaber des
563 2320 2299 2417 Königsbannes, waren die Gaugrafen. Als ein ſolcher iſt uns
565 2390 2299 2482 Warinus ſchon zuvor wiederholt begegnet. Sie leiteten den Gau,
567 2461 2299 2551 übten die Militärgewalt aus und ſprachen im Namen des Königs
567 2533 2299 2634 Recht als oberſte Richter über Leben, Freiheit und echtes Eigentum.
711 2605 2301 2692 Unfern unſrer Stadt erhebt ſich in einem Gewann, wo die
567 2674 2301 2766 Gemarkungen von Ladenburg, Leutershauſen und Schriesheim zu⸗
569 2748 2303 2840 ſammentreffen, eine Bodenwelle, welche ihren uralten Namen Stal⸗
569 2816 2303 2910 bühel bis auf den heutigen Tag bewahrt hat. Dort lag urſprüng⸗
567 2885 2305 2982 lich eine rings von Wald umgebene Wieſe, vielleicht bezeichnet durch
569 2957 2308 3051 eine Steinſäule oder ein altgermaniſches Heiligtum, wohl auch mit
571 3042 2308 3132 Vorkehrungen verſehen zur Darbringung von Opfern. Dies war
571 3100 2308 3195 die vornehmſte Malſtätte des Lobdengaues, deren erſte urkund⸗
571 3172 2308 3271 liche Erwähnung vom Jahre 945 wir wiederum dem Lorſcher
578 3244 2308 3340 Schenkungsbuche verdanken. Damals fand „auf der öffentlichen
576 3316 2308 3421 Malſtätte bei Lobedenburg“ eine Verhandlung ſtatt wegen Teilung
1355 364 1470 430 24
