2584 4036
361 466 2097 553 kaum erſt aus Trümmern dürftig wiederhergeſtellt, wird in aleman⸗
361 531 2099 632 niſcher Zeit eine ſehr ſtille und untergeordnete Rolle geſpielt haben.
504 600 2103 695 Uebrigens wurde den Alemannen nicht lange nach der völligen
365 670 2103 780 Beſitzergreifung ihre Herrſchaft über das Gebiet zwiſchen Neckar
365 744 2103 845 und Main aufs neue ſtreitig gemacht, diesmal von andrer Seite her.
367 813 2103 910 Schon zur Zeit des Kaiſers Valentinianus, den wir als einen der
365 894 2106 979 thatkräftigſten und umſichtigſten Verteidiger der Rheingrenze kennen
367 955 2106 1060 gelernt haben, iſt ein Volk am Mittelrhein erſchienen, das ſchon
367 1026 2108 1127 früher am obern Lauf der Flüſſe Jagſt und Kocher wegen der dortigen
372 1100 2108 1192 Salzquellen mit den Alemannen feindlich zuſammengeſtoßen war.
372 1170 2108 1264 Es waren die Burgunder, ein kleines, aber allezeit kampfbereites
370 1248 2108 1336 Volk gotiſcher Herkunft, mit welchem der genannte Kaiſer ein Bündnis
370 1311 2112 1414 eingeleitet hatte. Kein geringer Schrecken mag es für unſre Heimat
372 1381 2112 1479 geweſen ſein, als im Frühjahr 370 ein Heer von 80 000 rieſigen
374 1455 2115 1556 Kriegern, darunter viele von ſieben Fuß Höhe, am Rheine gegenüber
374 1526 2112 1616 Worms erſchien. Von der Anweſenheit einer ſolchen Menſchenmaſſe
374 1596 2115 1688 in nächſter Nähe kann auch unſre Stadt nicht unberührt geblieben
376 1665 2115 1766 ſein. Doch ſind die Berichte über jene Vorgänge zu dunkel und
374 1746 2117 1840 unvollſtändig, um irgend welche weitergehende Vermutungen hierüber
376 1829 753 1908 auszuſprechen.
522 1878 2117 1970 Es iſt nicht einmal mit Sicherheit auszumachen, ob die Bur⸗
379 1955 2119 2044 gunder in dem von ihnen beſetzten Gebiete damals ſofort geblieben
381 2022 2119 2125 ſind zu häuslicher Niederlaſſung, oder ob ſie, nachdem das Bündnis
383 2094 2119 2188 mit dem römiſchen Kaiſer ohne Folgen geblieben, ſich zurückgezogen
383 2165 2121 2266 haben, um ſpäter wieder vorzubrechen. Jedenfalls iſt ſo viel ſicher,
385 2237 2121 2336 daß wir nach dem großen Germanenſturm vom Jahre 406 die
385 2316 2124 2396 Burgunder auf beiden Seiten des Rheins feſt angeſiedelt finden
385 2378 2126 2470 mit der Hauptſtadt Worms. Bei der Nähe unſrer Stadt und der
385 2452 2126 2547 wichtigen Straßenverbindung mit Worms iſt beſtimmt anzunehmen,
388 2518 2126 2614 daß damals auch unſere Heimat für einige Jahrzehnte unter bur⸗
388 2600 1294 2681 gundiſcher Herrſchaft geſtanden iſt.
533 2661 2128 2757 Wenige Jahrzehnte nur! Die Herrſchaft der Burgunder am
392 2733 2128 2827 Rheine dauerte nicht lange, und doch lange genug, um ein hochbedeut⸗
392 2805 2128 2905 ſames Ereignis religiöſer Art in ſich zu ſchließen und ſtatt in der
394 2876 2128 2966 Geſchichte vielmehr in der Sage unvergängliche Spuren am Rheine
394 2957 2128 3049 zu hinterlaſſen. Bald nach dem Jahre 413 faßten nämlich die Bur⸗
397 3015 2130 3109 gunder, zunächſt ſo viele ihrer am linken Rheinufer ſaßen, den ein⸗
397 3089 2133 3177 mütigen Volksbeſchluß, zum Chriſtentum überzutreten, und wenige
401 3159 2133 3251 Jahre ſpäter folgten die rechtsrheiniſchen Volksgenoſſen ſolchem Bei⸗
399 3231 2135 3329 ſpiele nach. Das ſoll der kirchlichen Legende gemäß auf Betreiben
399 3302 2133 3408 des Wormſer Biſchofs St. Viktor geſchehen ſein. NB. Viktor heißt
1197 340 1269 426 13
