2584 4036
717 959 1789 1047 Fig. I. Kelten und Römer. Originalzeichnung von Th. Walch.
1235 1309 1296 1390 I.
951 1428 1558 1544 Vorgeſchichtliches.
823 1677 1695 1760 Das Loupodunon der Kelten.
376 1809 2119 1927 Die oberrheiniſche Tiefebene iſt in den letzten vorgeſchichtlichen
521 1886 2126 1970 Perioden der Erdbildung zuerſt ein Meeresarm geweſen. Dann
392 1959 2128 2040 mit Brackwaſſer gefüllt verwandelte ſie ſich in einen Süßwaſſerſee,
390 2035 2128 2112 um endlich mächtigen Maſſen von Geröll, Sand und Schlamm zur
394 2100 2128 2181 Ablagerung zu dienen. Unter dieſen Anſchwemmungsmaſſen, welchen
392 2170 2126 2262 die Rhein⸗ und Neckarebene die jetzige Geſtalt ihrer Oberfläche ver⸗
392 2255 2128 2322 dankt, befand ſich eine von mehreren Waſſerläufen umfloſſene, hügelig
394 2313 2128 2403 ſich erhebende Inſel, unfern von der Stelle, wo in der Vorzeit der
397 2387 2130 2461 Neckar ſeinen Hauptſtrom weſtwärts wandte, um bei dem jetzigen
397 2459 1920 2535 Neckarau gegenüber Altripp ſich in den Rhein zu ergießen.
538 2526 2130 2605 Jene Inſel zog durch ihre günſtige überſchwemmungsfreie Lage
394 2598 2128 2677 die Aufmerkſamkeit der erſten Anſiedler unſrer Gegend auf ſich.
397 2674 2128 2755 Der Menſch gründet ja ſeine erſten Anſiedelungen ſtets da, wo irgend
394 2742 2130 2827 ein Naturvorteil ihm günſtig iſt, auf einer kleinen Anhöhe, an der
394 2809 2128 2894 Krümmung eines Fluſſes, und ſo wie dieſe Oertlichkeiten, ſo bleiben
394 2881 2128 2968 auch die Wohnſitze unverändert. Als das ganze Rheinthal noch
394 2953 2130 3038 von zahlloſen Waſſerläufen („Gieſen“) durchzogen und großen Ueber⸗
397 3035 2130 3112 ſchwemmungen ausgeſetzt war, während die niedern Ufer Sümpfe
397 3094 2130 3177 bildeten, da bauten die erſten Bewohner ihre Hütten auf den hohen
399 3174 1462 3244 Ufern und begruben auch da ihre Toten.
542 3235 2130 3325 So iſt's auch hier gegangen. Um die noch nicht abgeſchloſ⸗
397 3302 2128 3396 ſenen Unterſuchungen wegen früherer Anſiedler beiſeite zu laſſen, ſo
