2584 4036
358 508 2092 589 eines früher geſchehenen Vermächtniſſes zwiſchen dem Stift Worms
361 576 984 656 und dem Kloſter Lorſch.
504 645 2092 735 Dreimal im Jahre hatte, namentlich ſeit der Feſtſetzung durch
358 719 2092 804 Karl den Großen, der Gaugraf auf der Malſtätte das „Unge⸗
361 791 2095 872 botene Ding“ zu halten. Zu dieſen Gerichtstagen war jeder
361 865 2090 950 freie Mann des Gaues oder der dazu gehörigen Hundertſchaft (Cent)
361 935 2090 1022 verpflichtet, bewehrt zu erſcheinen, ohne daß es einer Anſage be⸗
361 1002 2090 1089 durfte. Dem Grafen ſtanden die angeſehenſten Gutsbeſitzer und
361 1071 2090 1159 Geiſtlichen des Bezirks als Urteilſinder zur Seite. An die Stelle
358 1152 2083 1233 dieſer wechſelnden Beiſitzer kamen durch Karl den Großen die auf
361 1215 2086 1304 Lebenszeit ernannten Schöffen, welche beſonders auch bei den
365 1298 2088 1365 „Gebotenen Dingen“, d. h. Verhandlungen mit beſonderer An⸗
356 1356 2088 1441 kündigung zu Gericht zu ſitzen hatten. Aus einem ſolchen Schöffen⸗
356 1426 2086 1511 kollegium iſt hier mit der Zeit der ſtädtiſche Rat hervorgegangen.
356 1506 2086 1587 Von dem Ungebotenen Ding hat ſich hier ein Reſt bis zum Anfang
358 1569 2083 1661 unſres Jahrhunderts erhalten, freilich in ſehr veränderter Form.
356 1639 2088 1726 Welche Bewandtnis es in den folgenden Jahrhunderten mit der
356 1713 2083 1802 Grafſchaft auf dem Stalbühel gehabt hat, wie die Grafſchaft an
358 1789 2086 1874 die Biſchöfe und als deren Lehen ſpäter an die Pfalzgrafen bei
358 1854 2083 1955 Rhein kam, das wird im nächſten Abſchnitte zur Darſtellung kommen.
1177 376 1274 452 25
