2584 4036
392 475 2115 556 nach Süden die Militärſtraße, welche — unter Trajan vollendet —
392 542 2126 623 von Worms an Lampertheim und Straßenheim vorbei hier durch
392 612 2126 699 zu dem Kaſtell bei Neuenheim führte. Im Laufe des Mittelalters
392 690 2128 764 wurde dieſe Straße vielfach überbaut, ſo daß ihr urſprünglich gerader
394 766 2126 836 Lauf vom Martinsthor zum Heidelberger Thor jetzt nicht mehr nach⸗
392 825 2128 919 zuweiſen iſt. Ebenſo erging es der andern Straße, welche, von
394 894 2126 982 Weſten nach Oſten ziehend, die Militärſtraße rechtwinklig kreuzte und
392 968 1386 1056 jetzt die Hauptſtraße der Stadt bildet.
538 1040 2126 1121 An anſehnlichen Gebäuden kann es neben nicht wenigen dürf⸗
392 1112 1415 1188 tigen, zum Teil halb in die Erde ge⸗
394 1188 1415 1271 grabenen Wohnungen nicht gefehlt haben.
397 1262 1415 1340 Da waren die Wohnhäuſer der Decurio⸗
394 1327 1413 1401 nen, der wohlhabenden Orts⸗ und Be⸗
394 1396 1419 1482 zirksvorſteher, denen insbeſondere die
397 1470 1417 1544 Sorge für richtigen Eingang der öffent⸗
392 1540 1422 1625 lichen Abgaben oblag neben ſonſtiger
394 1612 1419 1683 Vertretung der Stadt. Da ſtand — wahr⸗
394 1681 1408 1764 ſcheinlich auf der ehemaligen Burg —
397 1753 1419 1829 das Amthaus des kaiſerlichen Beamten,
397 1827 1419 1903 der von dem in Mainz reſidierenden
397 1894 1417 1975 Statthalter hieher geſetzt war. Ob auch
397 1966 1419 2042 eine Abteilung Soldaten unter einem Offi⸗
397 2040 1422 2116 zier hier in Garniſon lag, iſt zweifel⸗
399 2109 1422 2188 haft; war es der Fall, ſo dürfte dieſelbe
399 2190 1422 2264 der in der rheiniſchen Geſchichte oft ge⸗
397 2251 1419 2325 nannten XXII. Legion angehört haben.
403 2325 1422 2396 Einen Zahlmeiſter Eutychas lernen wir
399 2396 1422 2470 aus der Inſchrift eines Grabſteins kennen.
536 2466 1424 2538 Ferner fehlte es nicht an einigen
1592 2421 2020 2482 Fig. 2. Römiſcher Altar,
1650 2473 1964 2533 jetzt in Karlsruhe.
397 2533 1419 2616 Gebäuden zu religiöſen Kultuszwecken;
399 2612 2133 2683 eines befand ſich vermutlich auf der Burg, ein zweites auf der
403 2686 2135 2755 Stelle der Galluskirche. Möglich, daß in einem derſelben jener merk⸗
399 2748 2135 2829 würdige Altar ſtand, welchen man ſeinerzeit im Neckarbette aufge⸗
399 2825 2133 2896 funden und neuerdings im Sammlungengebäude zu Karlsruhe auf⸗
401 2899 2133 2964 bewahrt hat. Derſelbe iſt dem Genius (Schutzgeiſt) der Civitas Ulpia
399 2961 2135 3038 und den drei Müttern (Schickſalsgöttinnen) geweiht und zeigt deren
401 3035 2135 3116 Bildniſſe, — auch ein Ueberreſt des religiöſen Miſchmaſches, welcher
401 3109 2135 3186 unter römiſcher Herrſchaft in den Provinzen verbreitet war. Auch
399 3174 2133 3248 ein Viergötteraltar iſt hier gefunden worden, jetzt in Heidelberg,
399 3244 2133 3318 ebenſo ein kleiner Privataltar des Urſus. Ob hier Auguſtalen auf⸗
399 3314 2133 3417 geſtellt waren, d. h. Prieſter zu Ehren vergötterter Kaiſer, muß dahin⸗
1231 302 1285 413 7
