2584 4036
370 484 2101 562 die untere Neckargegend eine Zeit lang innehatten, ehe ſie den Rhein
370 560 2103 632 überſchritten um in der Gegend von Straßburg endgültige Wohnſitze
370 625 2101 710 zu finden. Ferner die Nemeten um Speier, die Wangionen in
370 704 2101 773 der Umgegend von Worms. Ein dieſen Völkern verwandter Stamm
370 775 2106 858 iſt's geweſen, der ſich nach den Tribokern in unſerer Gegend ſeßhaft
367 840 2103 917 machte und nach neuen inſchriftlichen Entdeckungen als Neckar⸗
370 910 1740 995 ſueben bezeichnet wurde (S. N. = Suebi Nicretes).
513 991 2103 1060 Auf ſolche Weiſe entſtand eine Miſchbevölkerung, die bald genug
372 1049 2108 1139 reif war für römiſche Beſitzergreifung. In welchem Maße unſer
372 1121 2108 1206 bisheriger Vorort an dieſer Miſchung teilnahm, iſt nicht mehr zu
372 1192 2108 1278 beſtimmen. Im ganzen galten die Germanen dafür, daß ſie das
374 1262 2108 1340 Wohnen in ummauerten Plätzen verabſcheuten und offene Einzelhöfe
374 1336 2108 1421 oder zerſtreut angelegte Dörfer bevorzugten. Sicher war in Loupo⸗
374 1405 2106 1482 dunon ein Teil der keltiſchen Einwohnerſchaft zurückgeblieben, jeden⸗
374 1482 2108 1558 falls in Abhängigkeit von den deutſchen Eroberern, ob dieſe nun
374 1549 1570 1625 am Platze ſelbſt oder in der Umgegend ſaßen.
513 1616 2110 1706 Uebrigens ging nach Cäſars Zeit noch mehr als ein Jahr⸗
374 1688 2110 1771 hundert vorüber, ehe die untere Neckargegend unter römiſche Herr⸗
376 1760 2112 1847 ſchaft kam. Von den Feldzügen, welche die römiſchen Heere zur
379 1827 2106 1919 Zeit des Kaiſers Auguſtus vom Mittelrhein aus unternahmen —
379 1910 2110 1979 anfangs zum Zwecke der Eroberung, ſpäter, nach der Schlacht im
379 1970 2112 2051 Teutoburger Wald, zur Befriedigung des römiſchen Revanchebedürf⸗
376 2044 2112 2132 niſſes — von dieſen Feldzügen blieb unſere Gegend, wie es ſcheint,
379 2116 825 2197 völlig unberührt.
522 2183 2112 2264 Nachdem aber in bezug auf das innere Deutſchland die Er⸗
379 2257 2112 2334 oberungspolitik aufgegeben war, trat an ihre Stelle das Beſtreben,
379 2329 2115 2405 die Rheingrenze für friedliche Entwicklung zu ſichern und zu dem
383 2399 2112 2479 Ende auch das rechte Ufer des Mittel⸗ und Oberrheins zu beſetzen.
385 2477 2117 2558 Zugleich galt es, die römiſchen Rheinlande in geeignete Verbindung
383 2542 2115 2623 zu bringen mit den Provinzen an der oberen Donau, Rhätien und
383 2614 2115 2688 Vindelicien. Dies geſchah durch Beſetzung des geſamten Neckarthales
383 2683 2115 2769 vom Rhein bis an den Schwarzwald in der zweiten Hälfte des
383 2769 2117 2845 erſten Jahrhunderts nach Chriſti Geburt, zur Zeit des Kaiſers
383 2827 814 2912 Veſpaſianus.
531 2896 2121 2973 Damals alſo breitete der römiſche Heeresadler ſeine gewaltigen
385 2970 2119 3049 Schwingen auch über die alte Keltenburg des Loupos ſamt der dar⸗
385 3040 2119 3112 unter gelagerten Ortſchaft am Neckargeſtade. Und wie einſt dem
383 3107 2119 3195 Keltenhäuptling Loupos die wohlgeeignete Lage des Hügels zwiſchen
390 3181 2119 3255 den Waſſerläufen eingeleuchtet hatte, ſo fand auch jetzt die Lage des
390 3262 2119 3329 Ortes Beifall bei den Befehlshabern der erſten römiſchen Truppen,
390 3322 2119 3426 welche das Neckarufer in Beſitz nahmen. Unter dem romaniſierten
1224 325 1258 437 5
