2584 4036
1177 865 1287 957 IV.
515 986 1949 1107 Die Lobotenburg im Beſitze der Biſchöfe
1004 1091 1469 1186 von Worms.
372 1300 2108 1414 Die Lorſcher Schenkungen. Die Gaugrafen und der Stalbühel.
356 1432 2102 1567 Die Frankenkönige aus Merowingerſtamm erwieſen ſich äußerſt
501 1516 2106 1624 freigebig mit Vergabungen königlicher Domänengüter, ſei es
379 1585 2110 1681 an emporſtrebende Heerführer und Beamte, oder beſonders an die
379 1654 2110 1753 Kirchen. Namentlich wurden bei Gelegenheit ſpäterer Rechtsſtreitig⸗
379 1748 1229 1822 keiten die Eigentumsanſprüche vie⸗
379 1811 1229 1894 ler Kirchen mit Vorliebe auf König
383 1881 1229 1975 Dagobert l den Großen zurück⸗
381 1959 1235 2038 geführt. So ſtützten ſich auch die
385 2026 1235 2105 Biſchöfe von Worms für ihre
388 2098 1235 2177 Rechte in Ladenburg auf eine
390 2172 1238 2253 Schenkungsurkunde des genannten
385 2237 1238 2329 Königs. In dieſer Urkunde, welche
388 2313 1238 2390 aus der Pfalz in Mainz vom
388 2378 1238 2461 22. September 638 (nach Ueber⸗
388 2450 1240 2535 lieferung der biſchöflichen Geſchicht⸗
390 2524 1240 2614 ſchreiber) datiert iſt, hat König
394 2594 1240 2681 Dagobert um ſeines Seelenheiles
392 2666 1240 2746 willen und eingedenk der künftigen
392 2737 1240 2818 Vergeltung ſich vorgenommen, die
394 2809 1242 2892 Kirchen zu Miterben an ſeinen
1645 2838 1769 2889 Fig 3.
397 2879 1249 2968 Eigengütern zu machen und die
1305 2870 2121 2930 St. Petrus mit dem Wappen des Bistums Worms.
1341 2910 2086 2968 Zeichnung von Th. Walch nach einem Relief
399 2948 1244 3035 Stätten der Heiligen zu bereichern.
1520 2946 1904 3013 über dem Domhofthor.
399 3015 1244 3105 Er bedient ſich dabei des Rates
397 3071 2128 3181 der angeſehenſten Männer ſeines Reiches, des Hausmeiers Pippin,
399 3152 2128 3242 des Biſchofs Arnolf von Metz und des Erzbiſchofs Kunibert von
399 3219 2133 3320 Köln, und giebt ſich der Hoffnung hin, durch ſolche Freigebigkeit die
401 3293 2130 3405 Barmherzigkeit Gottes zu erlangen und die Fürbitte der Heiligen zu
