2584 4036
1305 1085 1449 1197 III.
749 1235 1996 1356 Alemannen. Burgunder. Franken.
632 1479 2112 1578 Die Lobodunburg der Deutſchen. Der Lobdengau.
484 1614 2237 1752 Mit dem Sturze der Römerherrſchaft um die Wende der vierten
683 1691 2244 1782 und fünften Jahrhunderts war für die Rheinlande die alte
509 1771 2245 1849 Welt verſunken. Auf ihren Trümmern ſollte ſich nun eine neue ver⸗
506 1831 2245 1930 heißungsvolle Welt aufbauen. Ein neuer Anfang freilich iſt's geweſen,
509 1903 2245 2000 von dem das Sprichwort, daß aller Anfang ſchwer ſei, in vollem
509 1970 2247 2069 Maße gilt. Denn Jahrhunderte ſind darüber hingegangen, bis an
511 2042 2249 2134 Stelle der römiſchen Kultur — und nicht ohne deren fühlbare Nach⸗
509 2121 2249 2215 wirkung — eine neue entſtanden war, welche der untergegangenen
511 2208 1155 2273 die Wage halten konnte.
652 2251 2252 2345 Der Beginn dieſes neuen Aufbaues knüpft ſich für ganz Süd⸗
511 2325 2252 2428 weſtdeutſchland und auch für unſre Heimat an den Namen der
515 2399 2252 2488 Alemannen. Wir ſind dem kraftvollen kriegeriſchen Völkerbund
513 2468 2254 2562 ſchon im vorigen Abſchnitt begegnet. Vom Main her drangen ſie
515 2540 2254 2643 gegen die Zehntlande vor und begründeten, nachdem ſie den römiſchen
518 2614 2254 2701 Grenzwall unwiderſtehlich durchbrochen hatten, um die Mitte des
518 2683 2256 2780 dritten Jahrhunderts einen feſten Mittelpunkt ihrer Wohnſitze an
520 2755 2261 2843 der Schwäbiſchen Alb. Von dorther wurden ſodann den Neckar
520 2827 2261 2923 hinab jene Heereszüge unternommen, als deren Ergebnis für unſre
520 2896 2261 2995 Heimat die Zerſtörung von Lopodunum und die Beſeitigung der
522 2968 2101 3067 römiſchen Herrſchaft am Rheine bereits erwähnt worden iſt.
666 3040 2263 3130 Da die Alemannen von jeher vorzugsweiſe in Einzelhöfen oder
522 3105 2263 3206 zerſtreut liegenden Ortſchaften wohnten, während ſie geſchloſſene Orte
524 3179 2263 3269 oder gar ehemalige Römerplätze vermieden, ſo kommen ſie für die
527 3251 2265 3349 Geſchichte unſrer Stadt nicht als Einwohner in Betracht, wohl aber
527 3322 2263 3428 als Nachbarn und zeitweilige Beherrſcher des Landes. Unſere Stadt,
