<?xml version="1.0" encoding="UTF-8"  standalone="yes"?>
<PcGts xmlns="http://schema.primaresearch.org/PAGE/gts/pagecontent/2019-07-15" xmlns:xsi="http://www.w3.org/2001/XMLSchema-instance" xsi:schemaLocation="http://schema.primaresearch.org/PAGE/gts/pagecontent/2019-07-15 http://schema.primaresearch.org/PAGE/gts/pagecontent/2019-07-15/pagecontent.xsd">
  <Metadata externalRef="https://digi.bib.uni-mannheim.de/fileadmin/digi/1885309457">
	<Creator>escriptorium</Creator>
	<Created>2024-04-10T17:50:56.619747+02:00</Created>
        <LastChange>2024-04-11T23:02:30.751297+02:00</LastChange>
  </Metadata>
  <Page imageFilename="1885309457_0031.jpg" imageWidth="2584" imageHeight="4036">
    <TextRegion id="eSc_textblock_a1d0cf37"  custom="structure {type:text;}">
      <Coords points="1213,475 2088,493 2097,3396 367,3405 349,3370 331,511 376,484 1213,475"/>
      <TextLine id="eSc_line_f5356b66" custom="structure {type:default;}">
        <Coords points="2063,491 2041,491 2018,491 1996,491 1973,488 1951,488 1929,488 1906,488 1884,488 1861,486 1859,486 1852,486 1839,486 1816,486 1794,486 1772,486 1749,484 1727,484 1704,484 1682,484 1659,484 1644,482 1590,486 1561,488 1532,486 1428,479 1426,479 1258,488 1159,493 354,493 336,502 338,544 338,562 2072,549 2074,526 2070,491 2063,491"/>
        <Baseline points="338,544 2074,526"/>
        <TextEquiv conf="0.9916595064225744">
          <Unicode>Jahrhunderte. Die neuhergeſtellte Anſiedelung mochte noch für</Unicode>
        </TextEquiv>
      </TextLine>
      <TextLine id="eSc_line_c2b71729" custom="structure {type:default;}">
        <Coords points="334,618 334,645 531,632 666,641 695,641 697,641 699,641 702,641 704,639 722,630 957,634 1103,636 1105,636 1222,630 1321,623 1433,625 1664,630 1666,630 1668,630 1671,630 1686,621 1689,618 1718,618 1872,627 1875,627 1877,627 1906,616 1908,616 2043,625 2045,625 2047,625 2074,612 2074,598 2072,562 2032,547 2029,547 2027,547 2025,547 1991,560 1973,547 1971,547 1969,547 1967,547 1881,562 1875,562 1807,562 1731,562 1713,549 1711,549 1709,549 1706,549 1704,549 1702,549 1682,562 1677,565 1646,562 1496,551 1493,551 1379,562 1361,565 1350,562 1298,553 1296,553 1294,553 1262,565 1242,569 1213,565 1168,556 1166,556 1123,565 1085,571 1013,565 946,558 944,558 942,558 926,565 906,574 861,565 834,560 832,560 794,565 715,576 661,565 646,562 560,562 558,562 556,562 549,565 520,578 331,567 334,618"/>
        <Baseline points="334,618 2074,598"/>
        <TextEquiv conf="0.9959945409528671">
          <Unicode>längere Zeiten mehr einem großen Dorfe gleichen, das aus einer</Unicode>
        </TextEquiv>
      </TextLine>
      <TextLine id="eSc_line_f9ea7589" custom="structure {type:default;}">
        <Coords points="334,688 334,706 1101,708 1103,708 1303,695 1316,695 1325,695 1473,704 1475,704 1478,704 1511,692 1516,692 1666,701 1668,701 1733,690 1852,699 1855,699 2072,683 2072,668 2068,627 921,627 919,627 917,627 915,627 897,639 755,630 753,630 751,630 713,641 524,632 522,632 331,645 334,688"/>
        <Baseline points="334,688 2072,668"/>
        <TextEquiv conf="0.9936281789594622">
          <Unicode>erheblichen Anzahl landwirtſchaftlicher Gehöfte beſtand. Bemerkens⸗</Unicode>
        </TextEquiv>
      </TextLine>
      <TextLine id="eSc_line_344bcef1" custom="structure {type:default;}">
        <Coords points="338,760 338,778 2072,757 2074,739 2070,701 1879,688 1877,688 1758,701 1529,692 1527,692 1525,692 1489,706 1417,695 1415,695 1413,695 1410,695 1395,706 1276,697 1274,697 1271,697 1249,708 1235,697 1233,697 1231,697 1108,697 1105,697 1103,697 1074,710 803,701 800,701 798,701 771,713 733,701 731,701 728,701 601,715 529,704 527,704 336,719 338,760"/>
        <Baseline points="338,760 2074,739"/>
        <TextEquiv conf="0.9915476351073294">
          <Unicode>wert iſt dabei, daß die neue Anſiedelung das Gelände gänzlich ver⸗</Unicode>
        </TextEquiv>
      </TextLine>
      <TextLine id="eSc_line_1f0fa766" custom="structure {type:default;}">
        <Coords points="338,829 338,861 412,849 495,858 500,858 502,858 506,858 583,847 677,856 693,856 695,856 708,854 771,845 989,849 1092,852 1094,852 1121,847 1161,840 1235,845 1298,849 1300,849 2077,829 2077,809 2070,762 1772,771 1742,766 1702,760 1700,760 1655,769 1621,773 1583,769 1525,762 1523,762 1520,762 1502,771 1489,775 1422,771 1303,764 1300,764 1298,764 1269,773 1256,778 1186,775 1009,769 1007,769 908,780 883,782 859,782 722,771 720,771 648,784 643,784 634,784 468,775 466,775 464,775 462,775 446,787 352,775 349,775 347,775 345,775 336,782 338,829"/>
        <Baseline points="338,829 2077,809"/>
        <TextEquiv conf="0.9854499347626217">
          <Unicode>ſchmähte, auf welchem ehedem die ſüdliche Hälfte der Römerſtadt</Unicode>
        </TextEquiv>
      </TextLine>
      <TextLine id="eSc_line_8fe46905" custom="structure {type:default;}">
        <Coords points="338,899 338,928 2072,908 2074,883 2070,845 1576,836 1574,836 1498,847 1099,840 1096,840 827,854 354,847 352,847 349,847 347,847 336,854 338,899"/>
        <Baseline points="338,899 2074,883"/>
        <TextEquiv conf="0.9941513413813576">
          <Unicode>ſich erhoben hatte, von der jetzigen Stadtmauer bis zum Loosgraben.</Unicode>
        </TextEquiv>
      </TextLine>
      <TextLine id="eSc_line_6831e481" custom="structure {type:default;}">
        <Coords points="340,968 340,995 975,995 975,993 977,993 980,993 991,986 998,982 1009,986 1031,993 1034,993 1036,993 1110,984 1155,979 1195,984 1271,991 1274,991 1489,979 1581,975 1641,977 1823,986 1825,986 1881,975 1893,973 2074,973 2077,952 2072,917 1830,903 1828,903 1825,903 1776,917 1774,917 1767,917 1601,905 1599,905 1597,905 1594,905 1576,919 1572,919 1543,919 1332,908 1330,908 1262,919 1249,921 1209,919 1038,912 1036,912 991,921 977,923 964,921 924,912 921,912 919,912 890,921 883,923 881,921 870,912 868,912 865,912 863,912 338,923 340,968"/>
        <Baseline points="340,968 2077,952"/>
        <TextEquiv conf="0.9930908377353962">
          <Unicode>Hier ebnete der Pflug die Ruinen vollends ein. Ob römiſche Keller</Unicode>
        </TextEquiv>
      </TextLine>
      <TextLine id="eSc_line_e62d97f0" custom="structure {type:default;}">
        <Coords points="340,1040 340,1056 834,1065 836,1065 1386,1049 2056,1053 2059,1053 2061,1053 2063,1053 2077,1042 2077,1024 2074,988 2050,975 2047,975 2045,975 1964,986 1951,975 1949,975 1946,975 1828,975 1825,975 1745,988 1592,977 1590,977 1588,977 1585,977 1565,991 1440,979 1437,979 1368,991 1336,979 1334,979 1332,979 1330,979 1327,979 1312,993 1249,982 1247,982 1143,993 1128,982 1126,982 1123,982 1121,982 1058,995 834,984 832,984 722,997 605,986 603,986 601,986 554,1000 361,988 358,988 356,988 354,988 338,997 340,1040"/>
        <Baseline points="340,1040 2077,1024"/>
        <TextEquiv conf="0.9958638053673964">
          <Unicode>öfters zu Begräbniſſen dienten, wie in einem ſolchen kürzlich ein</Unicode>
        </TextEquiv>
      </TextLine>
      <TextLine id="eSc_line_16e5a09b" custom="structure {type:default;}">
        <Coords points="343,1112 343,1136 2072,1114 2074,1096 2065,1044 2016,1056 1859,1047 1825,1044 1823,1044 1821,1044 1814,1047 1774,1058 1680,1047 1664,1047 1662,1047 1635,1049 1491,1060 1397,1051 1374,1049 1372,1049 1370,1049 1361,1051 1318,1062 1278,1051 1274,1051 1271,1051 1269,1051 1267,1051 1262,1051 1226,1062 340,1062 343,1112"/>
        <Baseline points="343,1112 2074,1096"/>
        <TextEquiv conf="0.9972424286027108">
          <Unicode>Steinſarg mit zwei Skeletten zum Vorſchein kam, das müßte noch</Unicode>
        </TextEquiv>
      </TextLine>
      <TextLine id="eSc_line_215e2ae0" custom="structure {type:default;}">
        <Coords points="340,1183 340,1199 1211,1204 1213,1204 1215,1204 1256,1192 1413,1201 1415,1201 1417,1201 1440,1190 1628,1199 1630,1199 1632,1199 1635,1199 1653,1188 1653,1170 1648,1132 1370,1123 1368,1123 1366,1123 1334,1134 1309,1123 1307,1123 1305,1123 1303,1123 1300,1123 1285,1134 973,1127 971,1127 845,1139 785,1127 782,1127 780,1127 778,1127 778,1130 764,1141 764,1143 758,1143 666,1143 592,1130 589,1130 587,1130 538,1143 522,1132 520,1132 518,1132 372,1132 370,1132 367,1132 338,1143 340,1183"/>
        <Baseline points="340,1183 1653,1170"/>
        <TextEquiv conf="0.9964851542394988">
          <Unicode>mittelſt weiterer Ausgrabungen unterſucht werden.</Unicode>
        </TextEquiv>
      </TextLine>
      <TextLine id="eSc_line_239c5458" custom="structure {type:default;}">
        <Coords points="482,1253 482,1271 2079,1264 2079,1237 2074,1197 1940,1186 1937,1186 1819,1197 1801,1199 1783,1199 1682,1188 1680,1188 1628,1199 1617,1204 1444,1204 1442,1201 1415,1190 1413,1190 1410,1190 1408,1190 1379,1201 1374,1204 1372,1201 1361,1192 1359,1192 1357,1192 1354,1192 1294,1201 1280,1204 1265,1204 1166,1192 1164,1192 1161,1192 1121,1204 1110,1206 1094,1204 1029,1195 1027,1195 1025,1195 1022,1195 1011,1206 1009,1206 964,1206 717,1197 715,1197 713,1197 711,1197 699,1208 695,1210 677,1208 621,1199 619,1199 616,1199 614,1199 601,1208 596,1210 594,1208 576,1199 574,1199 571,1199 480,1208 482,1253"/>
        <Baseline points="482,1253 2079,1237"/>
        <TextEquiv conf="0.9965640593852315">
          <Unicode>Mit der Einrichtung des Königshofes war für unſere Stadt</Unicode>
        </TextEquiv>
      </TextLine>
      <TextLine id="eSc_line_d59bff7f" custom="structure {type:default;}">
        <Coords points="340,1325 340,1343 771,1352 773,1352 836,1338 843,1338 856,1338 989,1349 991,1349 1047,1336 1054,1336 1067,1336 1204,1347 1206,1347 1209,1347 1258,1334 1262,1334 1271,1334 1374,1345 1377,1345 1482,1331 1493,1331 1502,1331 1608,1343 1610,1343 1857,1338 1859,1338 1861,1338 1875,1327 1877,1327 1890,1327 2029,1338 2032,1338 2034,1338 2077,1325 2077,1307 2072,1271 1424,1264 1422,1264 1419,1264 1377,1275 1209,1266 1206,1266 986,1280 376,1275 374,1275 372,1275 338,1287 340,1325"/>
        <Baseline points="340,1325 2077,1307"/>
        <TextEquiv conf="0.9890015172579932">
          <Unicode>eine neue Zeit gekommen, eine Zeit erneuter Erhebung und Bedeu⸗</Unicode>
        </TextEquiv>
      </TextLine>
      <TextLine id="eSc_line_a7b28806" custom="structure {type:default;}">
        <Coords points="343,1396 343,1414 2074,1399 2077,1381 2072,1345 1861,1331 1859,1331 1857,1331 1825,1345 1812,1334 1810,1334 1807,1334 1805,1334 1706,1345 1682,1334 1680,1334 1677,1334 1583,1347 1576,1347 1574,1347 1538,1336 1536,1336 1534,1336 1377,1347 1350,1336 1348,1336 1345,1336 1343,1336 1341,1336 1327,1349 1325,1349 1316,1349 1229,1338 1226,1338 1224,1338 1197,1349 1195,1349 1184,1349 1040,1340 1038,1340 930,1352 917,1352 910,1352 847,1340 845,1340 843,1340 818,1352 811,1354 767,1352 587,1343 585,1343 529,1354 513,1356 493,1354 423,1345 421,1345 340,1354 343,1396"/>
        <Baseline points="343,1396 2077,1381"/>
        <TextEquiv>
          <Unicode>tung. Dieſe Bedeutung nahm noch mehr zu, je mehr die Bevölke⸗</Unicode>
        </TextEquiv>
      </TextLine>
      <TextLine id="eSc_line_6063d717" custom="structure {type:default;}">
        <Coords points="345,1466 345,1491 2077,1468 2079,1450 2074,1412 838,1410 836,1410 834,1410 787,1421 607,1412 605,1412 603,1412 601,1412 583,1423 426,1414 423,1414 343,1426 345,1466"/>
        <Baseline points="345,1466 2079,1450"/>
        <TextEquiv conf="0.9909663776882359">
          <Unicode>rung der Umgegend zunahm. Im Laufe des ſechſten und ſiebenten</Unicode>
        </TextEquiv>
      </TextLine>
      <TextLine id="eSc_line_dbc6cbf5" custom="structure {type:default;}">
        <Coords points="349,1535 349,1556 2077,1540 2079,1522 2074,1486 1877,1473 1875,1473 1810,1484 1794,1473 1792,1473 1789,1473 1787,1473 1785,1473 1783,1473 1783,1475 1769,1486 1767,1486 1637,1475 1635,1475 1563,1486 1525,1475 1523,1475 1520,1475 1518,1475 1491,1488 1489,1488 1473,1488 1309,1477 1307,1477 1242,1488 1215,1477 1213,1477 1211,1477 1209,1477 1157,1491 1150,1491 1130,1491 998,1479 995,1479 897,1491 874,1493 832,1491 646,1482 643,1482 574,1493 556,1495 540,1493 491,1484 488,1484 347,1493 349,1535"/>
        <Baseline points="349,1535 2079,1522"/>
        <TextEquiv conf="0.9914896261124384">
          <Unicode>Jahrhunderts entſtanden die meiſten Orte unſrer Gegend. Auch in</Unicode>
        </TextEquiv>
      </TextLine>
      <TextLine id="eSc_line_6f72c9fe" custom="structure {type:default;}">
        <Coords points="345,1607 345,1625 2077,1618 2079,1594 2074,1556 1969,1542 1967,1542 1798,1556 1789,1556 1787,1556 1772,1544 1769,1544 1767,1544 1765,1544 1585,1556 1583,1556 1581,1556 1500,1544 1498,1544 1435,1558 1426,1558 1404,1558 1249,1547 1247,1547 1244,1547 1215,1558 1206,1562 1034,1562 1029,1558 1016,1549 1013,1549 1011,1549 1009,1549 1007,1549 989,1558 982,1562 343,1562 345,1607"/>
        <Baseline points="345,1607 2079,1594"/>
        <TextEquiv conf="0.9988741023199899">
          <Unicode>nächſter Nähe von Ladenburg wurden zwei kleine Dörfer angelegt,</Unicode>
        </TextEquiv>
      </TextLine>
      <TextLine id="eSc_line_f0b89edf" custom="structure {type:default;}">
        <Coords points="345,1679 345,1695 361,1706 363,1706 365,1706 367,1706 370,1706 417,1695 542,1706 545,1706 634,1692 637,1692 641,1692 715,1704 717,1704 951,1692 1002,1690 1016,1692 1065,1701 1067,1701 1069,1701 1105,1692 1114,1690 1146,1692 1242,1699 1244,1699 1247,1699 1249,1699 1258,1692 1265,1688 1303,1692 1374,1699 1377,1699 1520,1692 1635,1686 1653,1692 1668,1697 1671,1697 1673,1697 2081,1690 2081,1665 2079,1630 2023,1614 2020,1614 2018,1614 1946,1627 1926,1614 1924,1614 1922,1614 1920,1614 1917,1614 1884,1625 1816,1614 1814,1614 1727,1630 1715,1630 1693,1630 1527,1616 1525,1616 1523,1616 1520,1616 1500,1630 1496,1632 1487,1630 1457,1618 1455,1618 1305,1618 1303,1618 1300,1618 1298,1618 1283,1630 1276,1632 1244,1630 1175,1621 1173,1621 1170,1621 1168,1621 1157,1630 1148,1636 1076,1636 1063,1630 1047,1621 1045,1621 1043,1621 1002,1630 975,1634 968,1630 960,1621 957,1621 955,1621 953,1621 951,1621 948,1621 935,1630 926,1634 809,1630 688,1623 686,1623 684,1623 663,1630 628,1639 583,1630 565,1625 563,1625 560,1625 551,1630 531,1639 504,1630 493,1625 491,1625 488,1625 471,1630 423,1639 343,1630 345,1679"/>
        <Baseline points="345,1679 2081,1665"/>
        <TextEquiv conf="0.9973516700596645">
          <Unicode>im Norden Cilolfesheim, auch Ceiſolfesheim geſchrieben, im</Unicode>
        </TextEquiv>
      </TextLine>
      <TextLine id="eSc_line_be23d68d" custom="structure {type:default;}">
        <Coords points="349,1748 349,1769 2081,1753 2083,1735 2079,1699 1832,1686 1830,1686 1828,1686 1789,1699 1523,1688 1520,1688 1424,1701 1244,1690 1242,1690 1240,1690 1211,1704 993,1692 991,1692 989,1692 986,1692 971,1704 928,1692 926,1692 924,1692 921,1692 890,1706 789,1695 787,1695 612,1708 372,1697 370,1697 367,1697 365,1697 347,1706 349,1748"/>
        <Baseline points="349,1748 2083,1735"/>
        <TextEquiv conf="0.9998897830645244">
          <Unicode>Süden Botesheim. Heute noch erinnern die Gewannbezeichnungen</Unicode>
        </TextEquiv>
      </TextLine>
      <TextLine id="eSc_line_0d0d60f7" custom="structure {type:default;}">
        <Coords points="352,1820 354,1849 401,1838 520,1847 524,1847 527,1847 531,1847 648,1836 1011,1840 1179,1843 1182,1843 1184,1843 1197,1838 1220,1831 1321,1836 1401,1840 1404,1840 2081,1825 2083,1807 2079,1769 1796,1755 1794,1755 1792,1755 1789,1755 1772,1769 1601,1757 1599,1757 1500,1771 1498,1771 1431,1760 1428,1760 1343,1771 1327,1760 1325,1760 1323,1760 1321,1760 1215,1773 1211,1773 1206,1773 1051,1762 1049,1762 977,1773 953,1762 951,1762 948,1762 946,1762 944,1762 924,1775 921,1775 915,1775 675,1764 672,1764 670,1764 637,1778 634,1778 621,1778 372,1766 370,1766 367,1766 365,1766 349,1773 352,1820"/>
        <Baseline points="352,1820 2083,1807"/>
        <TextEquiv conf="0.9905417003939229">
          <Unicode>Zeilsheimer Grund an der Straße nach Heddesheim und Botsheimer</Unicode>
        </TextEquiv>
      </TextLine>
      <TextLine id="eSc_line_3da1e136" custom="structure {type:default;}">
        <Coords points="349,1890 349,1908 1733,1910 1736,1910 1738,1910 1774,1899 1780,1899 2081,1899 2083,1878 2081,1843 2036,1829 2034,1829 2032,1829 1852,1840 1736,1829 1733,1829 1731,1829 1729,1829 1715,1843 1713,1843 1704,1843 1545,1831 1543,1831 1475,1843 1440,1831 1437,1831 1435,1831 1361,1843 1348,1845 1312,1843 1132,1834 1130,1834 1128,1834 1126,1834 1110,1845 1105,1847 347,1847 349,1890"/>
        <Baseline points="349,1890 2083,1878"/>
        <TextEquiv conf="0.9867688818056075">
          <Unicode>Waſen am Neckar gegenüber Edingen an jene beiden Orte, welche</Unicode>
        </TextEquiv>
      </TextLine>
      <TextLine id="eSc_line_aa362b85" custom="structure {type:default;}">
        <Coords points="347,1961 347,1991 421,1979 1449,1982 1451,1982 1523,1970 2079,1977 2083,1948 2079,1910 1886,1899 1884,1899 1834,1910 1828,1910 1823,1910 1792,1899 1789,1899 1787,1899 1785,1899 1756,1910 1747,1912 1736,1910 1709,1901 1706,1901 1704,1901 1570,1910 1487,1914 1471,1910 1453,1903 1451,1903 1449,1903 1374,1910 1318,1914 1278,1910 1222,1903 1220,1903 1217,1903 1215,1903 1209,1910 1200,1917 1108,1910 1036,1905 1034,1905 977,1910 883,1919 345,1912 347,1961"/>
        <Baseline points="347,1961 2083,1948"/>
        <TextEquiv conf="0.9962452869204914">
          <Unicode>jedenfalls, wie noch viele derart, ſchon in den verwüſtenden Kriegen</Unicode>
        </TextEquiv>
      </TextLine>
      <TextLine id="eSc_line_0ade59e9" custom="structure {type:default;}">
        <Coords points="349,2033 349,2051 1502,2053 1505,2053 1556,2042 1565,2042 1588,2042 1724,2051 1727,2051 2081,2038 2083,2020 2079,1984 1866,1970 1863,1970 1794,1984 1792,1984 1789,1984 1754,1973 1751,1973 1749,1973 1563,1984 1514,1973 1511,1973 1509,1973 1507,1973 1471,1986 1469,1986 1457,1986 1332,1975 1330,1975 1229,1986 1211,1988 1148,1988 836,1979 834,1979 728,1991 713,1991 702,1991 639,1979 637,1979 347,1991 349,2033"/>
        <Baseline points="349,2033 2083,2020"/>
        <TextEquiv conf="0.9983836565956925">
          <Unicode>des Mittelalters wieder ausgegangen ſind. Für alle die zahlreichen</Unicode>
        </TextEquiv>
      </TextLine>
      <TextLine id="eSc_line_b99d7e58" custom="structure {type:default;}">
        <Coords points="349,2105 349,2125 1648,2125 1648,2123 1722,2112 1888,2118 1890,2118 1893,2118 1895,2118 1908,2107 1911,2107 1920,2107 2041,2118 2043,2118 2045,2118 2083,2105 2083,2087 2079,2051 1922,2051 1897,2038 1895,2038 1893,2038 1890,2038 1837,2051 1834,2051 1832,2051 1648,2040 1646,2040 1644,2040 1641,2040 1626,2053 1623,2053 1614,2053 1453,2042 1451,2042 1449,2042 1446,2042 1428,2056 1426,2056 1406,2056 1226,2044 1224,2044 1222,2044 1188,2058 1184,2058 1159,2058 1000,2047 998,2047 995,2047 968,2058 964,2060 939,2058 823,2049 820,2049 818,2049 787,2060 778,2062 731,2060 565,2051 563,2051 347,2062 349,2105"/>
        <Baseline points="349,2105 2083,2087"/>
        <TextEquiv conf="0.9891227185726166">
          <Unicode>Ortſchaften des unteren Neckargebietes geſtaltete ſich zum Verwal⸗</Unicode>
        </TextEquiv>
      </TextLine>
      <TextLine id="eSc_line_266b578d" custom="structure {type:default;}">
        <Coords points="352,2177 352,2192 2083,2186 2086,2163 2083,2125 2047,2112 2045,2112 2043,2112 1888,2123 1805,2112 1803,2112 1801,2112 1765,2125 1729,2114 1727,2114 1724,2114 1722,2114 1720,2114 1704,2127 1563,2127 1529,2114 1527,2114 1525,2114 1446,2127 1276,2116 1274,2116 1271,2116 1247,2127 1220,2116 1217,2116 1215,2116 1094,2130 935,2118 933,2118 930,2118 928,2118 908,2134 829,2134 816,2121 814,2121 811,2121 809,2121 731,2132 607,2123 605,2123 603,2123 601,2123 587,2134 365,2125 363,2125 361,2125 358,2125 349,2132 352,2177"/>
        <Baseline points="352,2177 2086,2163"/>
        <TextEquiv conf="0.992272884112138">
          <Unicode>tungs⸗ und Verkehrsmittelpunkt die uralte Kelten⸗ und Römerſtadt,</Unicode>
        </TextEquiv>
      </TextLine>
      <TextLine id="eSc_line_9e24268f" custom="structure {type:default;}">
        <Coords points="352,2244 352,2271 2083,2251 2086,2231 2081,2195 1801,2181 1798,2181 1796,2181 1794,2181 1794,2183 1780,2195 1747,2183 1745,2183 1742,2183 1639,2195 1534,2183 1532,2183 1529,2183 1502,2197 1455,2186 1453,2186 1451,2186 1285,2197 1260,2186 1258,2186 1256,2186 1253,2186 1215,2199 1213,2199 1195,2199 953,2188 951,2188 948,2188 946,2188 926,2201 924,2201 915,2201 816,2190 814,2190 744,2201 728,2190 726,2190 724,2190 722,2190 720,2190 717,2190 697,2204 693,2204 486,2204 484,2204 444,2192 441,2192 439,2192 349,2204 352,2244"/>
        <Baseline points="352,2244 2086,2231"/>
        <TextEquiv conf="0.9992481470108032">
          <Unicode>welche nunmehr den Charakter einer öffentlichen Stadt (civitas</Unicode>
        </TextEquiv>
      </TextLine>
      <TextLine id="eSc_line_6c21ef27" custom="structure {type:default;}">
        <Coords points="352,2316 352,2345 2083,2325 2086,2305 2081,2266 1848,2253 1846,2253 1745,2266 1733,2269 1572,2269 1570,2266 1554,2255 1552,2255 1549,2255 1547,2255 1404,2266 1372,2269 1316,2266 1065,2257 1063,2257 1060,2257 1058,2257 1045,2269 1040,2271 1020,2269 964,2260 962,2260 960,2260 935,2269 926,2271 908,2269 859,2260 746,2260 744,2260 742,2260 740,2260 726,2269 724,2271 717,2269 695,2262 693,2262 690,2262 688,2262 686,2262 677,2269 670,2273 648,2269 612,2262 610,2262 607,2262 605,2262 596,2269 589,2273 554,2269 486,2262 484,2262 349,2269 352,2316"/>
        <Baseline points="352,2316 2086,2305"/>
        <TextEquiv conf="0.994805445705635">
          <Unicode>publica) im fränkiſchen Rechtsſinne erlangte und um ihrer befeſtigten</Unicode>
        </TextEquiv>
      </TextLine>
      <TextLine id="eSc_line_a10a6dda" custom="structure {type:default;}">
        <Coords points="354,2387 354,2405 2083,2394 2086,2374 2081,2338 1884,2325 1881,2325 1879,2325 1852,2336 1812,2325 1810,2325 1807,2325 1805,2325 1803,2325 1803,2327 1789,2338 1783,2338 1704,2327 1702,2327 1700,2327 1697,2327 1680,2338 1677,2338 1659,2338 1471,2329 1469,2329 1422,2338 1413,2340 1404,2338 1368,2329 1366,2329 1363,2329 1294,2338 1280,2340 1269,2338 1222,2329 1220,2329 1217,2329 1215,2329 1202,2340 1195,2345 1117,2345 1112,2340 1103,2331 1101,2331 1099,2331 1096,2331 986,2340 919,2345 910,2340 903,2334 901,2334 899,2334 897,2334 807,2340 742,2345 720,2340 686,2334 684,2334 681,2334 657,2340 634,2347 614,2340 598,2336 596,2336 594,2336 558,2340 513,2347 352,2343 354,2387"/>
        <Baseline points="354,2387 2086,2374"/>
        <TextEquiv conf="0.9980460196210627">
          <Unicode>Lage willen im Munde der Umwohner den Namen „die Lobodun⸗</Unicode>
        </TextEquiv>
      </TextLine>
      <TextLine id="eSc_line_0050d524" custom="structure {type:default;}">
        <Coords points="352,2455 352,2473 984,2482 986,2482 989,2482 1013,2470 1027,2482 1029,2482 1031,2482 1034,2484 1209,2484 1209,2482 1267,2468 1276,2468 1296,2468 1433,2479 1435,2479 1437,2479 1440,2479 1453,2468 1455,2468 1480,2468 1801,2477 1803,2477 1857,2466 1861,2466 1868,2466 1955,2477 1958,2477 1960,2477 1962,2477 1978,2466 2086,2466 2088,2446 2086,2412 2054,2399 2052,2399 2050,2399 1713,2410 1653,2399 1650,2399 1648,2399 1646,2399 1646,2401 1632,2412 1314,2401 1312,2401 1191,2414 903,2403 901,2403 899,2403 861,2414 809,2403 807,2403 805,2403 803,2403 780,2417 625,2405 623,2405 621,2405 619,2405 598,2419 399,2419 379,2405 376,2405 374,2405 372,2405 370,2405 367,2405 349,2414 352,2455"/>
        <Baseline points="352,2455 2088,2446"/>
        <TextEquiv conf="0.9962404754202244">
          <Unicode>burg“ erhielt. Zugleich ging aus ihrem alten Namen auch die</Unicode>
        </TextEquiv>
      </TextLine>
      <TextLine id="eSc_line_6e14c5d2" custom="structure {type:default;}">
        <Coords points="352,2526 352,2547 2083,2535 2086,2513 2081,2479 1955,2466 1953,2466 1902,2477 1888,2466 1886,2466 1884,2466 1881,2466 1879,2466 1839,2477 1807,2466 1805,2466 1803,2466 1801,2466 1798,2466 1785,2479 1783,2482 1610,2482 1608,2479 1585,2468 1583,2468 1581,2468 1579,2468 1576,2468 1561,2479 1558,2479 1547,2479 1446,2470 1444,2470 1442,2470 1415,2479 1406,2482 1366,2479 1244,2470 1242,2470 1240,2470 1222,2479 1213,2484 349,2482 352,2526"/>
        <Baseline points="352,2526 2086,2513"/>
        <TextEquiv conf="0.9990814728815047">
          <Unicode>Bezeichnung für den ganzen neugebildeten Gau hervor: Lobodun⸗</Unicode>
        </TextEquiv>
      </TextLine>
      <TextLine id="eSc_line_753f11d3" custom="structure {type:default;}">
        <Coords points="354,2600 354,2632 419,2618 462,2630 464,2630 466,2630 641,2616 805,2625 807,2625 809,2625 850,2614 1339,2623 1341,2623 1343,2623 1345,2623 1372,2609 1819,2618 1821,2618 1969,2605 2083,2616 2088,2585 2083,2549 1982,2538 1980,2538 1978,2538 1951,2549 1942,2549 1783,2540 1780,2540 1646,2551 1614,2540 1612,2540 1610,2540 1608,2540 1581,2553 1579,2553 1563,2553 1422,2544 1419,2544 1285,2556 1283,2556 1280,2556 1265,2544 1262,2544 1260,2544 1258,2544 1256,2544 1222,2556 1117,2544 1114,2544 1112,2544 1110,2544 1092,2558 1090,2558 1085,2558 937,2547 935,2547 933,2547 930,2547 915,2558 827,2549 825,2549 697,2560 598,2549 596,2549 594,2549 592,2549 574,2562 423,2553 421,2553 352,2565 354,2600"/>
        <Baseline points="354,2600 2088,2585"/>
        <TextEquiv conf="0.9840366937897422">
          <Unicode>gowa. Wir werden kaum fehlgehen, wenn wir annehmen, daß</Unicode>
        </TextEquiv>
      </TextLine>
      <TextLine id="eSc_line_7442f6ce" custom="structure {type:default;}">
        <Coords points="2081,2616 2063,2607 2061,2607 2059,2607 1796,2621 1778,2609 1776,2609 1774,2609 1772,2609 1769,2609 1767,2609 1749,2621 1491,2612 1489,2612 1487,2612 1484,2612 1466,2623 1253,2612 1251,2612 1249,2612 1204,2625 1152,2614 1058,2614 1056,2614 1054,2614 1051,2614 1038,2625 778,2616 776,2616 637,2630 367,2618 365,2618 363,2618 361,2618 361,2621 352,2627 354,2672 354,2686 441,2699 444,2699 446,2699 495,2688 623,2697 625,2697 628,2697 630,2697 646,2686 850,2697 852,2697 854,2697 897,2686 912,2697 915,2697 917,2697 919,2697 921,2697 962,2686 1188,2692 1191,2692 1193,2692 1222,2681 1269,2692 1271,2692 1274,2692 1969,2677 2050,2688 2052,2688 2054,2688 2090,2672 2090,2659 2088,2652 2081,2616"/>
        <Baseline points="354,2672 2090,2659"/>
        <TextEquiv conf="0.9888306163972423">
          <Unicode>dieſer Gau ungefähr den gleichen Umfang einnahm, wie zuvor der</Unicode>
        </TextEquiv>
      </TextLine>
      <TextLine id="eSc_line_a7f63887" custom="structure {type:default;}">
        <Coords points="356,2742 356,2762 2086,2748 2088,2728 2083,2692 1857,2679 1855,2679 1774,2692 1536,2681 1534,2681 1532,2681 1505,2695 1251,2683 1249,2683 1247,2683 1215,2697 1090,2686 1087,2686 1085,2686 1060,2697 933,2686 930,2686 928,2686 879,2699 742,2688 740,2688 641,2701 616,2690 614,2690 397,2690 394,2690 392,2690 354,2704 356,2742"/>
        <Baseline points="356,2742 2088,2728"/>
        <TextEquiv conf="0.9944460736587644">
          <Unicode>römiſche Verwaltungsbezirk, deſſen Vorort Lopodunum geweſen war.</Unicode>
        </TextEquiv>
      </TextLine>
      <TextLine id="eSc_line_7d123084" custom="structure {type:default;}">
        <Coords points="495,2813 495,2843 583,2831 995,2836 1148,2836 1150,2836 1173,2831 1215,2825 1422,2827 1628,2831 1630,2831 2086,2816 2088,2798 2083,2762 1902,2748 1899,2748 1823,2762 1819,2762 1814,2762 1713,2751 1711,2751 1659,2762 1632,2751 1630,2751 1628,2751 1626,2751 1601,2764 1599,2764 1592,2764 1540,2755 1538,2755 1341,2764 1296,2766 1289,2766 1258,2755 1256,2755 1253,2755 1251,2755 1249,2755 1238,2766 1235,2766 1195,2766 948,2757 946,2757 944,2757 942,2757 928,2766 924,2771 919,2766 910,2760 908,2760 906,2760 903,2760 901,2760 877,2769 863,2771 852,2769 823,2760 820,2760 726,2760 724,2760 722,2760 720,2760 708,2769 704,2773 693,2769 677,2762 675,2762 672,2762 493,2769 495,2813"/>
        <Baseline points="495,2813 2088,2798"/>
        <TextEquiv conf="0.9942794740200043">
          <Unicode>Für die Bodenkultur unſrer Heimat verband ſich mit der zu⸗</Unicode>
        </TextEquiv>
      </TextLine>
      <TextLine id="eSc_line_010cac5a" custom="structure {type:default;}">
        <Coords points="358,2883 358,2903 2088,2890 2090,2870 2086,2834 1855,2820 1852,2820 1850,2820 1801,2834 1796,2834 1776,2834 1529,2822 1527,2822 1525,2822 1523,2822 1507,2836 1505,2836 1464,2836 1224,2825 1222,2825 1220,2825 1186,2836 1177,2838 1141,2836 1016,2827 1013,2827 955,2836 930,2840 906,2838 854,2829 852,2829 850,2829 827,2838 820,2840 814,2838 796,2829 794,2829 663,2829 661,2829 659,2829 657,2829 646,2838 641,2843 619,2838 583,2831 580,2831 356,2838 358,2883"/>
        <Baseline points="358,2883 2090,2870"/>
        <TextEquiv conf="0.9944592472165823">
          <Unicode>nehmenden Beſiedelung und Bevölkerung ein bedeutungsvoller Fort⸗</Unicode>
        </TextEquiv>
      </TextLine>
      <TextLine id="eSc_line_d6befc4c" custom="structure {type:default;}">
        <Coords points="358,2957 358,2979 2088,2957 2090,2941 2086,2905 1834,2892 1832,2892 1765,2905 1760,2905 1742,2892 1740,2892 1738,2892 1659,2892 1657,2892 1655,2892 1653,2892 1637,2903 1594,2892 1592,2892 1590,2892 1588,2892 1563,2905 1558,2908 1520,2905 1348,2894 1345,2894 1343,2894 1341,2894 1327,2905 1323,2910 1307,2905 1269,2896 1267,2896 1265,2896 1262,2896 1260,2896 1244,2905 1235,2912 1157,2912 1150,2908 1139,2896 1137,2896 1134,2896 1132,2896 1130,2896 1096,2908 1076,2914 944,2914 933,2908 915,2899 912,2899 910,2899 908,2899 874,2908 845,2917 733,2917 720,2908 704,2901 702,2901 603,2901 601,2901 598,2901 583,2908 567,2917 524,2908 493,2903 491,2903 488,2903 468,2908 441,2917 423,2908 410,2903 408,2903 405,2903 356,2908 358,2957"/>
        <Baseline points="358,2957 2090,2941"/>
        <TextEquiv conf="0.9955025872246164">
          <Unicode>ſchritt. Wälder wurden gerodet, ſo daß das bisherige Raumver⸗</Unicode>
        </TextEquiv>
      </TextLine>
      <TextLine id="eSc_line_9c8ee5d8" custom="structure {type:default;}">
        <Coords points="358,3029 358,3058 545,3044 571,3056 574,3056 576,3056 749,3053 751,3053 753,3053 780,3042 829,3051 838,3053 841,3053 843,3053 845,3053 845,3051 863,3040 1168,3047 1262,3049 1265,3049 1287,3047 1348,3035 1363,3044 1366,3047 1368,3047 1370,3047 1372,3047 2088,3033 2090,3013 2086,2975 1951,2961 1949,2961 1946,2961 1924,2973 1913,2961 1911,2961 1908,2961 1906,2961 1904,2961 1879,2973 1749,2964 1747,2964 1745,2964 1718,2975 1695,2964 1693,2964 1691,2964 1475,2977 1381,2966 1379,2966 1377,2966 1343,2979 1253,2968 1251,2968 1249,2968 1206,2979 1119,2968 1117,2968 1114,2968 1112,2968 1094,2982 1049,2970 1047,2970 1045,2970 948,2982 852,2970 850,2970 580,2986 379,2975 376,2975 374,2975 372,2975 356,2984 358,3029"/>
        <Baseline points="358,3029 2090,3013"/>
        <TextEquiv conf="0.9965270357206464">
          <Unicode>hältnis zwiſchen Wald und Ackerfeld ſich ganz erheblich änderte.</Unicode>
        </TextEquiv>
      </TextLine>
      <TextLine id="eSc_line_47097a72" custom="structure {type:default;}">
        <Coords points="363,3100 363,3116 529,3127 531,3127 612,3116 637,3114 758,3116 1099,3123 1101,3123 1146,3114 1173,3109 1215,3114 1274,3121 1276,3121 1278,3121 1305,3114 1325,3109 1437,3114 1592,3118 1594,3118 1597,3118 1599,3118 1599,3116 1603,3112 1612,3105 2086,3109 2090,3085 2086,3047 1908,3033 1906,3033 1841,3047 1837,3047 1828,3047 1673,3035 1671,3035 1668,3035 1666,3035 1650,3047 1493,3038 1491,3038 1489,3038 1487,3038 1473,3049 1446,3038 1444,3038 1442,3038 1440,3038 1415,3049 1413,3049 1410,3049 1366,3038 1363,3038 1361,3038 1359,3038 1336,3049 1332,3051 1307,3049 1200,3040 1197,3040 1123,3051 1096,3053 1045,3051 897,3042 894,3042 892,3042 863,3051 852,3056 843,3051 827,3044 825,3044 823,3044 820,3044 800,3051 791,3056 769,3053 717,3044 715,3044 713,3044 681,3053 668,3056 361,3056 363,3100"/>
        <Baseline points="363,3100 2090,3085"/>
        <TextEquiv conf="0.9893110730955678">
          <Unicode>Sümpfe wurden trocken gelegt, Wege hergeſtellt. Mit der Hebung</Unicode>
        </TextEquiv>
      </TextLine>
      <TextLine id="eSc_line_0abd4c03" custom="structure {type:default;}">
        <Coords points="361,3170 361,3186 2088,3174 2090,3157 2088,3118 2047,3105 2045,3105 2043,3105 1987,3116 1973,3105 1971,3105 1969,3105 1810,3105 1807,3105 1805,3105 1803,3105 1783,3118 1780,3118 1514,3107 1511,3107 1435,3121 1431,3121 1428,3121 1363,3109 1361,3109 1359,3109 1357,3109 1341,3121 1336,3121 1112,3112 1110,3112 1108,3112 1078,3123 1076,3123 1072,3123 1018,3112 1016,3112 1013,3112 973,3123 971,3123 939,3112 937,3112 935,3112 933,3112 901,3123 894,3125 879,3123 809,3114 807,3114 805,3114 803,3114 789,3125 787,3127 358,3127 361,3170"/>
        <Baseline points="361,3170 2090,3157"/>
        <TextEquiv conf="0.9916724739596248">
          <Unicode>des Ackerbaues ging die Verbeſſerung der Viehzucht Hand in Hand,</Unicode>
        </TextEquiv>
      </TextLine>
      <TextLine id="eSc_line_25cfdad9" custom="structure {type:default;}">
        <Coords points="361,3237 361,3257 1745,3260 1747,3260 2092,3246 2095,3226 2090,3190 1756,3177 1754,3177 1751,3177 1693,3190 1401,3179 1399,3179 1334,3192 1309,3181 1307,3181 1305,3181 1184,3192 1134,3181 1132,3181 1130,3181 1128,3181 1083,3192 1056,3181 1054,3181 1051,3181 1049,3181 1047,3181 1029,3195 964,3183 962,3183 960,3183 957,3183 939,3195 796,3186 794,3186 702,3197 484,3186 482,3186 358,3199 361,3237"/>
        <Baseline points="361,3237 2095,3226"/>
        <TextEquiv conf="0.9988610312558602">
          <Unicode>ebenſo die Vermehrung der landwirtſchaftlichen Erzeugniſſe, für deren</Unicode>
        </TextEquiv>
      </TextLine>
      <TextLine id="eSc_line_419d06f7" custom="structure {type:default;}">
        <Coords points="363,3309 363,3331 2092,3316 2095,3296 2090,3260 1805,3246 1803,3246 1801,3246 1798,3246 1778,3260 1520,3248 1518,3248 1516,3248 1514,3248 1491,3262 1285,3251 1283,3251 1280,3251 1222,3264 948,3253 946,3253 944,3253 942,3253 924,3266 807,3255 805,3255 726,3266 702,3255 699,3255 697,3255 634,3269 376,3257 374,3257 372,3257 370,3257 361,3264 363,3309"/>
        <Baseline points="363,3309 2095,3296"/>
        <TextEquiv conf="0.9943417506431466">
          <Unicode>Verwertung der ſchon ſeit Römerzeiten hier beſtandene, jetzt wieder</Unicode>
        </TextEquiv>
      </TextLine>
      <TextLine id="eSc_line_9f59355b" custom="structure {type:default;}">
        <Coords points="363,3381 363,3403 601,3417 603,3417 681,3403 686,3403 702,3403 935,3414 937,3414 1195,3412 1197,3412 1242,3401 1253,3399 1278,3401 1366,3410 1368,3410 1437,3401 1451,3399 1460,3401 1498,3410 1500,3410 1502,3410 1505,3410 1507,3410 1523,3399 1529,3396 1583,3399 1711,3408 1713,3408 2095,3396 2095,3367 2088,3322 1834,3329 1823,3325 1807,3318 1805,3318 1803,3318 1711,3327 1653,3331 1646,3327 1637,3320 1635,3320 1632,3320 1516,3320 1514,3320 1511,3320 1482,3329 1466,3334 1343,3331 1103,3325 1101,3325 1099,3325 1096,3325 1083,3334 1078,3336 1058,3334 948,3325 946,3325 944,3325 903,3336 894,3338 865,3338 695,3327 693,3327 690,3327 688,3327 670,3338 567,3329 565,3329 563,3329 540,3340 538,3343 361,3343 363,3381"/>
        <Baseline points="363,3381 2095,3367"/>
        <TextEquiv conf="0.9819512714942297">
          <Unicode>neu auflebende Markt erwünſchte Gelegenheit bot. (Von andrer</Unicode>
        </TextEquiv>
      </TextLine>
    </TextRegion>
    <TextRegion id="eSc_textblock_df4e435e"  custom="structure {type:text;}">
      <Coords points="1195,358 1253,376 1244,419 1175,419 1195,358"/>
      <TextLine id="eSc_line_ad2fc3f1" custom="structure {type:default;}">
        <Coords points="1224,366 1191,373 1184,343 1154,339 1160,406 1160,437 1191,454 1194,454 1197,454 1201,454 1204,454 1248,433 1248,400 1234,373 1224,366"/>
        <Baseline points="1161,410 1249,403"/>
        <TextEquiv conf="0.997004508972168">
          <Unicode>17</Unicode>
        </TextEquiv>
      </TextLine>
    </TextRegion>
  </Page>
</PcGts>
