2584 4036
594 448 2335 515 ſchriften bezeugt. Konnten in Neuenheim, bei Oſterburken und anders⸗
594 520 2335 594 wo Heiligtümer des perſiſchen Sonnengottes Mithras entſtehen, ſo
596 580 2335 661 kann auch das Vorhandenſein chriſtlichen Gottesdienſtes nicht völlig
596 652 2337 735 in Abrede geſtellt werden. Doch dürfen wir uns der Annahme nicht
594 730 2335 811 verſchließen, daß dieſe ohnehin durch zeitweiſe Verfolgung zurück⸗
596 795 2332 874 gedrängten Anfänge in unſrer Gegend den Stürmen der Völker⸗
596 865 2332 952 wanderung ſo gut wie ganz erlegen ſind. Erſt die fränkiſche Ein⸗
594 941 2332 1020 wanderung ſeit dem Jahre 500 brachte das Volksmaterial, welches
594 1006 2065 1089 ſich für das Chriſtentum jener Zeit als geeignet erwies.
737 1078 2335 1156 War es einmal ſo weit gekommen, ſo konnte nach dem Geiſte
594 1152 2330 1237 jener Zeit auch die Gründung von Klöſtern unmöglich länger auf
596 1219 2332 1298 ſich warten laſſen. Nicht mehr als Miſſionsſtation, wohl aber als
596 1291 2337 1381 religiöſer Mittelpunkt zur Befeſtigung und Beſſerung des noch jungen
594 1374 2332 1439 und rohen Chriſtentums wurde im Jahre 764 das Kloſter Laures⸗
594 1435 2332 1522 ham, heute Lorſch an der Weſchnitz unfern Bensheim gegründet,
592 1506 2330 1594 im obern Rheingau, nicht weit von der Grenze des Lobdengaues.
592 1578 2326 1661 Gründer des neuen Gotteshauſes waren der reiche Rheingaugraf
592 1648 2332 1722 Cancor und deſſen gottſelige Mutter Williſwinda. Von dieſen
592 1728 2332 1807 erhielt das Kloſter ſeine erſte Güterſchenkung in unſrem Gau, nämlich
594 1796 2330 1872 die Kirche in Scarra, dem ehemaligen Mutterorte von Sandhofen,
596 1865 2330 1939 mit Zuſtimmung des in Lobedunburg wohnenden Gaugrafen Warinus.
596 1935 2332 2020 Auf dieſe erſte folgten alsbald eine ganze Menge weiterer Ver⸗
592 2006 2335 2091 gabungen aus ſämtlichen Orten der Umgegend bis auf ganz gehörige
598 2078 2332 2152 Entfernung hin, der großen Mehrzahl nach dem Zeitalter Pippins
596 2157 2332 2224 und Karl des Großen angehörig. Aus den Angaben der Urkunden,
592 2228 2332 2291 welche uns in dem hochwichtigen Lorſcher Schenkungsbuche
592 2293 2332 2374 erhalten ſind, erfahren wir eine Menge von Einzelheiten zur Kenntnis
594 2370 2332 2435 der Hof⸗ und Landwirtſchaft unſerer Gegend. Geſchenkt wurden hie
592 2441 2332 2515 und da ganze Hofgüter mit ſämtlichen Gebäuden, Leibeigenen, Vieh⸗
596 2509 2332 2585 ſtand und geſamtem Grundbeſitz, der Regel nach in der Weiſe, daß
592 2574 2332 2659 die Schenkgeber gegen Entrichtung einer gewiſſen jährlichen Abgabe
594 2645 2330 2728 Nutznießer blieben. Unter den Gebäuden ſind an mehreren Orten
592 2728 2330 2791 auch Kirchen genannt, weil eben vielfach die erſten chriſtlichen Gottes⸗
589 2789 2332 2872 häuſer jener Zeit auf den Höfen der großen Gutsbeſitzer errichtet
592 2856 2330 2932 worden ſind. Außerdem erhielt das Kloſter auch zahlreiche Einzel⸗
589 2928 2332 3011 grundſtücke geſchenkt, darunter an der Bergſtraße und den Neckar
592 3002 1552 3074 entlang namentlich auch viele Reben.
733 3071 2330 3148 Dabei iſt aber beſonders bemerkenswert, daß gerade aus dem
592 3154 2328 3231 Hauptorte des Lobdengaues ſich nur eine einzige Vergabung an jenes
592 3219 2328 3296 Kloſter aufgezeichnet findet. Im Jahre 765 oder 766 nämlich über⸗
592 3284 2328 3374 giebt ein gewiſſer Germund etwa einen Manſus nebſt 3 Morgen
1426 299 1510 396 22
