2584 4036
464 486 2200 571 erreichbar iſt: die Schickſale unſerer Stadt im Zuſammenhange mit
466 560 2198 632 der ganzen vaterländiſchen Geſchichte überſichtlich anzudeuten und
464 630 2195 713 damit einige Einzelmitteilungen beſonders denkwürdiger Ereigniſſe,
466 699 1413 784 Einrichtungen u. ſ. w. zu verbinden.
612 773 2198 854 So iſt denn vorliegende Schrift weit davon entfernt, ſich als
462 843 2195 917 wiſſenſchaftliche Veröffentlichung einführen zu wollen. Sie will viel⸗
464 917 2195 997 mehr lediglich als feſtliche Gelegenheitsſchrift gelten. Aus dieſem
464 986 2195 1062 Grunde verzichtet auch der Verfaſſer darauf, für ſeine Mitteilungen
464 1060 2195 1139 die Quellennachweiſe etwa in Form von Anmerkungen zu geben.
466 1125 2195 1201 Dabei ſei übrigens ausdrücklich bemerkt, daß dies Buch keine Auf⸗
462 1199 2198 1284 ſtellung enthält, welche nicht durch litterariſche Autoritäten oder
462 1269 1789 1383 durch urkundliche Nachweiſe geſtützt werden könnte.
1278 352 1395 430 VIII
