2584 4036
340 470 2074 553 trag bringen mußten. Am Tage von Tolbiacum im Jahre 496
340 531 2077 614 erlag die alemanniſche Tapferkeit nach hartnäckigem Widerſtand den
343 605 2077 683 Anſtrengungen der kriegeriſch beſſer geübten Franken unter König
340 672 2077 764 Chlodwig. Welches der Ort der Schlacht geweſen, ob Zülpich am
343 755 2077 827 Niederrhein, ob Toul in Franzöſiſch⸗Lothringen, darüber haben ſich
340 816 2079 899 die Geſchichtsforſcher bis heute noch nicht einigen können. Dagegen
340 885 2077 982 beſteht kein Zweifel darüber, daß die Folgen jener Schlacht manch⸗
340 959 2079 1049 faltig waren und auf Jahrhunderte hinaus von tiefgreifender Be⸗
340 1044 574 1112 deutung.
484 1096 2079 1190 Die nächſte Folge war, daß König Chlodwig, wie er auf
343 1172 2081 1251 dem Schlachtfelde gelobt hatte, nunmehr zum Chriſtentum über⸗
343 1242 2081 1322 trat und mit ihm ein anſehnlicher Teil ſeines Volkes. Mit Chlod⸗
343 1320 2081 1396 wigs Taufe in Rheims nimmt die deutſche Kirchengeſchichte
345 1394 724 1475 ihren Anfang.
488 1455 2083 1540 Eine weitere, für unſre Gegend epochemachende Folge der Kata⸗
343 1526 2081 1607 ſtrophe von 496 beſtand darin, daß die Unterwerfung des nörd⸗
343 1596 2083 1688 lichen Alemannengebietes unter fränkiſche Herrſchaft eine reichliche
345 1674 1262 1748 Beſiedelung desſelben nach ſich zog.
488 1737 2083 1827 Bis daher haben wir uns die geſamte Rhein⸗ und Neckar⸗
345 1816 2083 1890 ebene noch immer als waldbedeckt vorzuſtellen, mit Ausnahme ver⸗
345 1881 2086 1961 einzelter Lichtungen und offenen Stellen zumal am Flußufer, wo die
347 1950 2086 2033 Orte aus keltiſcher Urzeit und die ſpärlichen alemanniſchen Nieder⸗
347 2024 2088 2112 laſſungen lagen, umgeben von kleinem Ackergebiet. Ueber nicht
349 2103 2032 2183 wenige römiſche Anlagen war wieder der Wald emporgewachſen.
493 2168 2086 2246 Seitdem aber der Staat ſeine feſten territorialen Grenzen ge⸗
349 2237 2086 2327 zogen, waren die Bedingungen zu voller Seßhaftigkeit der germani⸗
349 2309 2088 2399 ſchen Stämme überhaupt gegeben. In unſrer Gegend kam hinzu
347 2376 2090 2457 die teilweiſe Verödung des Landes dadurch, daß die ohnehin nicht
349 2452 2086 2531 zahlreich geweſenen Alemannen der Mehrzahl nach verdrängt wurden.
352 2529 2090 2603 Nun ergoß ſich ſeit Beginn des ſechſten Jahrhunderts ein mächtiger
352 2589 2090 2672 Strom fränkiſcher Einwanderung ins mittlere Rheinland, wo der
352 2672 2088 2739 Urwald auf Jahrhunderte hinaus Raum darbot für Rodung und
354 2733 2088 2820 Beſiedelung. Auf ſolche Weiſe eroberten die zu Oſtfranken ge⸗
354 2805 2088 2892 wordenen Chatten, ehemals wegen ihrer wilden Raubzüge ge⸗
354 2876 2090 2966 fürchtet, das Land auf friedlichem Wege und richteten ſich darin
354 2955 693 3031 häuslich ein.
497 3018 2092 3096 Die fränkiſchen Könige aus Merowingerſtamm gingen
354 3087 2090 3179 ſelbſt mit ihrem Beiſpiel voran. Waren doch jene Könige mit un⸗
354 3159 2088 3240 abweisbarer Notwendigkeit darauf hingewieſen, das eroberte Land,
356 3237 2088 3316 ſoweit es nicht von volksmäßigen Anſiedelungen ſchon in Beſitz ge⸗
356 3302 2092 3399 nommen war, als ihr Eigentum zu behandeln, um es im Intereſſe
1179 343 1253 419 15
