2584 4036
522 448 2258 529 erwerben. Deshalb übergiebt er an die Baſilika des heiligen Petrus
524 520 2261 607 zu Worms, welcher damals der apoſtoliſche Mann Amandus vor⸗
527 585 2258 679 ſtand, den geſamten königlichen Beſitz im Gaue Lobedunburg, näm⸗
520 656 2258 744 lich die Stadt Lobdenburg, die Pfalz (Palatium), die Gebäude,
522 726 2261 822 die Leibeigenen, Weinberge, Aecker, Wieſen, Felder, Weiden, Gewäſſer
520 802 2258 887 mit Fiſcherei, auch den Wald im „Otenwalt“, ebenſo allen Zoll
520 878 2258 959 und den Markt. Nur die Steuer und das Grafenamt behält ſich der
518 941 2256 1038 König vor, beſtätigt dagegen dem Biſchof das hochwichtige Privi⸗
515 1020 2258 1109 legium der Immunität d. h. Befreiung von Amtshandlungen könig⸗
515 1085 1437 1174 licher Richter auf dem Kirchengute.
661 1156 2254 1248 Dies iſt im weſentlichen der Hauptinhalt der vielberufenen und
515 1230 2252 1316 vielumſtrittenen Urkunde. Schon das Datum mußte Bedenken gegen
515 1298 2254 1394 ihre Echtheit erregen. Denn König Dagobert I iſt ſchon im Januar
509 1378 2254 1455 638 mit Tod abgegangen. Dazu kamen eine Reihe ſonſtiger kritiſcher
513 1439 2252 1529 Bedenken, auf welche wir hier nicht näher einzugehen brauchen, die
515 1513 2252 1607 aber von ſolchem Gewichte ſind, daß jetzt ſo ziemlich alle Geſchichts⸗
513 1580 2249 1683 forſcher ſich dahin geeinigt haben, die Urkunde, ſo wie ſie vorliegt,
511 1652 1298 1744 nicht als echt gelten zu laſſen.
657 1724 2252 1820 Damit iſt aber nicht ausgeſprochen, daß nun auch der geſamte
513 1796 2249 1890 Inhalt der Urkunde als ungeſchichtlich anzuſehen wäre. Es möchte,
509 1872 2249 1961 ſagen wir vielmehr mit einem der hervorragendſten Kenner unſrer
509 1944 2249 2029 Geſchichte, in der That ebenſo ſchwer ſein, die Echtheit der Urkunde
506 2011 2249 2103 aufrecht zu erhalten, als es unmöglich iſt, den Inhalt für erdichtet
509 2083 2245 2174 zu erklären. Wahrſcheinlich waren zu einer ſpäteren Zeit, als man
506 2150 2247 2237 in ſchweren und langwierigen Beſitzſtreitigkeiten urkundlicher Beweiſe
506 2224 2247 2311 bedurfte, die alten ächten Urkunden nicht mehr aufzufinden. Da hat
506 2291 2243 2390 man ſie eben aus dem Gedächtniſſe unbedenklich wieder hergeſtellt,
509 2363 2245 2459 möglicherweiſe zu jener Zeit, als Kaiſer Heinrich II den langen Hader
504 2437 2243 2526 über den Waldbeſitz im Lobdengau zwiſchen Worms und Lorſch zu
506 2504 2014 2600 ſchlichten hatte. Wir müſſen ſpäter darauf zurückkommen.
646 2587 2240 2677 Können wir alſo nach den vorausgegangenen Darlegungen,
504 2645 2240 2739 die auch in dieſer Schrift nicht völlig unberührt bleiben durften,
502 2722 2238 2807 durchaus nicht für alle einzelnen Angaben der Schenkung uns auf
502 2791 2240 2885 erwähnte Urkunde beziehen, ſo daß in mehr als einem Punkte die
502 2872 2238 2946 Verhältniſſe jener Zeit dunkel, ſtrittige Fragen unbeantwortet bleiben,
504 2932 2236 3029 ſo dürfen wir doch an der unbeſtreitbaren Thatſache feſthalten, daß
502 3002 2238 3089 das königliche Domänengut Lobedunburg in der erſten Hälfte des
502 3080 2236 3157 ſiebenten Jahrhunderts, vielleicht ſchon im Jahre 627 unter die
500 3145 2236 3235 Herrſchaft des biſchöflichen Krummſtabes kam. Unter dem Krumm⸗
504 3215 2238 3318 ſtab iſt gut wohnen, hieß es im Mittelalter. Das wird unſre Heimat
502 3291 1200 3390 wohl auch erfahren haben.
1363 325 1442 394 20
