2584 4036
307 430 2043 533 Muſtern arbeiteten. Dazu kam die Nachahmung der römiſchen Kunſt
309 526 1047 598 in Bildhauerei und Malerei.
450 571 2045 668 Mit der Zeit freilich erwies ſich auch die ſtarke Schutzwehr
311 636 2045 748 des Limes als nicht mehr unüberſteiglich für das Ausbreitungs⸗
314 706 2047 820 bedürfnis und den Thatendrang der jenſeits wohnenden deutſchen
316 782 2047 885 Stämme. Nachdem nämlich das zweite Jahrhundert, abgeſehen von
316 849 2050 964 vereinzelten Friedensſtörungen, welche durch räuberiſche Einfälle der
316 926 2050 1029 Chatten verurſacht waren, einen für den Fortgang der Civiliſation
318 1004 2050 1107 günſtigen Verlauf genommen hatte, erſtand der Römerherrſchaft am
320 1071 2052 1168 Rhein mit Beginn des dritten Jahrhunderts ein furchtbarer Feind
320 1134 2056 1237 in dem neuen Völkerbund der Alemannen. Von den Gegenden
320 1204 2054 1316 am oberen Main her drangen dieſe, getrieben von dem Streben nach
325 1289 2056 1390 geſichertem neuem Landbeſitz, gegen den Grenzwall vor. Im Jahre
325 1347 2059 1450 213 durch Kaiſer Caracalla zum erſtenmal beſiegt, erſchienen ſie
327 1417 2063 1529 wieder und wieder, durchbrachen den Grenzwall, zerſtörten Kaſtelle
329 1491 2065 1600 und Ortſchaften und ſuchten ſich in dem eroberten Gebiete endgültig
329 1558 2065 1672 feſtzuſetzen. Trotz wiederholter blutiger Niederlagen, welche die
334 1632 2065 1733 Alemannen durch römiſche Heere erlitten, gelang ihnen die Beſetzung
334 1701 2063 1807 des rechtsrheiniſchen Gebietes noch vor dem Ende des dritten Jahr⸗
336 1818 601 1890 hunderts.
477 1843 2070 1948 In dieſer Hinſicht ſind für unſer Lopodunum als letzte Zeugen
336 1923 2070 2026 der hier vorhandenen römiſchen Kultur zu erwähnen die hier und
338 1988 2074 2098 in Heidelberg aufgefundenen Wegſäulen mit ihren Inſchriften zu
340 2058 2074 2163 Ehren der regierenden Kaiſer. Unter dieſen Wegſäulen ſind mehrere,
340 2125 2074 2235 welche die ausdrückliche Entfernungsbezeichnung tragen: a Lop IIII,
343 2199 2079 2309 das heißt, von Lopodunum 4 galliſche Leugen. Dieſelben liefern
345 2280 2081 2387 zugleich den ſicherſten Beweis dafür, daß Lopodunum in der That
345 2340 2079 2452 der Hauptort des Verwaltungsbezirks geweſen iſt. Die ſpäteſte der⸗
347 2408 2081 2526 ſelben gilt den Kaiſern Valerianus und Gallienus und iſt wahr⸗
349 2477 2083 2598 ſcheinlich um 253/4 geſetzt. Bald nach des Gallienus Tod erfolgte
349 2553 2083 2659 ein neuer Einbruch der Alemannen, durch welchen der römiſchen
352 2621 2081 2735 Herrſchaft auf dem rechten Rheinufer ein Ende bereitet wurde. Das
352 2701 2086 2809 wird etwa im Jahre 270 geweſen ſein. Damals ſank Lopodunum
354 2793 903 2876 in Schutt und Aſche.
495 2836 2090 2948 Nicht gewillt in den von ihnen eingenommenen Römerſtädten
358 2910 2092 3024 für ſich ſelbſt Wohnſitze einzurichten, weil ſie ja das Wohnen in
363 2982 2092 3080 Städten verabſcheuten, zerſtörten die Alemannen die Stätten der
361 3049 2095 3161 ihnen verhaßten römiſchen Kultur aufs gründlichſte, und von dieſem
363 3132 2095 3228 Loſe blieb auch Lopodunum nicht verſchont. Gewiß waren nach
365 3192 2097 3298 der Verheerung durch die Alemannen nur noch Trümmer übrig.
370 3271 2097 3385 Ebenſo gewiß aber dürfte auch die Annahme ſein, daß trotz aller
1140 302 1204 390 9
