2584 4036
1016 1076 1466 1192 Einleitung.
383 1321 2106 1449 Auf achtzehn Jahrhunderte geſchichtlicher Entwicklung zurückſchauen
511 1395 2102 1489 zu dürfen, das iſt ein Vorrecht, welches nicht viele Städte auf
379 1477 1915 1549 dem rechten Ufer des Rheines in Anſpruch nehmen können.
518 1547 2108 1623 Unſere pfälziſche Heimat darf ſich rühmen, einige Städte von
376 1616 2108 1690 derart ehrwürdigem Alter zu beſitzen, darunter vielleicht die älteſte
376 1688 2110 1775 jene Stadt, welche mit ihren maleriſchen Türmen weithin ſichtbar
381 1760 2108 1836 am Neckarufer halbwegs zwiſchen Heidelberg und Mannheim ſich
381 1836 1632 1908 erhebt: Ladenburg, das Lopodunum der Römer.
520 1899 2110 1982 Mit ihrer Vorgeſchichte reicht die Stadt Ladenburg ſicherlich
379 1973 2110 2047 noch über die achtzehn Jahrhunderte weit in vorchriſtliche Urzeit
379 2044 2106 2130 zurück. Aber für das, was wir aus der Urzeit zu bringen haben,
379 2116 2108 2199 ſind wir lediglich auf Vermutungen angewieſen, auf Schlüſſe aus
376 2183 2108 2264 naturgeſchichtlichen Entwicklungen, ſprachlichen Ueberreſten und der⸗
379 2257 2110 2340 gleichen. Da iſt der Boden nicht weniger unſicher, als er einſt in
379 2327 2110 2410 den ſumpfigen Urwäldern der Rhein⸗ und Neckarebene geweſen
379 2405 639 2477 ſein mag.
522 2468 2112 2553 Dagegen iſt uns vergönnt, mit dem Jahre 98 nach Chriſti
381 2540 2110 2612 Geburt geſchichtlich ſichern Boden zu betreten, und im Hinblick dar⸗
381 2609 2110 2686 auf hat die Stadt Ladenburg ein volles Recht dazu gehabt, die
385 2692 2110 2766 Erinnerung an eine achtzehnhundertjährige Vergangenheit feſtlich
379 2755 686 2838 zu begehen.
522 2820 2110 2896 Wenn nun in der nachfolgenden Darſtellung allerlei Mitteilun⸗
379 2894 2112 2979 gen aus Ladenburgs Vergangenheit ausgewählt und zuſammengeſtellt
379 2966 2110 3047 ſind, ſo kann dabei ſelbſtverſtändlich von einer vollſtändigen Ge⸗
379 3035 2112 3121 ſchichte unſerer Stadt keine Rede ſein. Dafür ſind namentlich die
379 3107 1704 3190 archivaliſchen Vorarbeiten noch viel zu weit zurück.
524 3174 2110 3257 Dem Zwecke dieſer Darſtellung, die manchfaltigen Jubelerin⸗
379 3248 2108 3325 nerungen unſres Gedächtnisfeſtes zu begründen und zu bewahren,
381 3320 2108 3410 genügt, was auch bei dem jetzigen Stande der Vorarbeiten ſchon
