2584 4036
450 473 2184 556 Sieger; der hl. Viktor wird auch in Xanten am Niederrhein verehrt,
448 547 2186 623 und aus Xanten ſtammt der Drachenſieger Siegfried! So ging in
448 607 2186 695 der Volksſage der Name jenes Biſchofs in den des Drachenbezwingers
450 690 2184 760 über; der Drache aber erſcheint in vielen verwandten Sagen als
448 753 1123 822 Sinnbild des Heidentums.
589 822 2184 905 Das war ein Anfang, der für unſre Gegend viel verſprach,
446 894 2184 970 und doch ſollte derſelbe ohne ſichtliche Nachwirkung bleiben. Denn
448 966 2184 1042 nachdem die Burgunder in blutigen Kämpfen gegen den römiſchen
448 1042 2182 1114 Statthalter Aëtius und deſſen hunniſche Hilfsreiterei vom Jahre 435
446 1118 2184 1183 an mehrmals furchtbare Verluſte erlitten hatten, wanderte das ganze
446 1179 2184 1255 Volk im Jahre 443 aus und zog vom Rheine ſüdwärts nach Gallien,
446 1248 2184 1334 wo es in der Landſchaft Sabaudia (Savoyen) feſte Wohnſitze erhielt.
592 1322 2184 1405 Auf dies für jene andere Gegend folgenreiche Ereignis iſt in
444 1403 2184 1468 unſrer Heimat ein halbes Jahrhundert verhältnismäßiger Ruhe ge⸗
444 1473 2182 1549 folgt. Von dem Kriegszuge des Hunnenkönigs Attila im Jahre 451,
446 1540 2182 1609 einem Zuge der allen Gegenden, welche er durchflutete, das Loos
446 1609 2184 1686 fürchterlicher Verheerung brachte, wurde das Neckargebiet nicht un⸗
444 1686 2184 1760 mittelbar betroffen, während z. B. die Stadt Mainz bis auf den
444 1753 2182 1827 Boden verwüſtet wurde. Jedenfalls werden wir uns nach den
444 1820 2184 1899 menſchenmordenden Kriegen der Völkerwanderung die Bevölkerung
441 1899 2184 1977 als dünn und ſpärlich vorzuſtellen haben, zumal für das Gebiet
444 1964 1155 2038 zwiſchen Neckar und Main.
583 2035 2184 2107 Um dies herrenlos gewordene Gebiet erfolgte nunmehr ein
444 2121 2184 2190 jahrelanger Kampf, welcher zunächſt nicht ſowohl mit den Waffen
444 2190 2184 2253 des Kriegs geführt wurde, als vielmehr mit den Friedenswerkzeugen
441 2251 2182 2327 mühevoller Urbarmachung und Bebauung des Landes. Von Süden
441 2320 2182 2396 her gingen die Alemannen wieder vor, um ſich die Rheinufer bis
446 2390 2180 2475 Mainz und bis an den Main zu ſichern. Gleichzeitig aber begann,
444 2461 2180 2547 anfänglich noch wenig zahlreich, jene fränkiſche Einwanderung
446 2535 2180 2605 von Norden her, welche in den folgenden Jahrhunderten ſo ge⸗
446 2605 2184 2681 waltig zunehmen ſollte. So kam es, daß in den mittelrheiniſchen
441 2674 2173 2755 Gebieten — um einen Ausdruck moderner Politik zu gebrauchen —
441 2744 2180 2820 die Intereſſenſphären der beiden Völker zuſammentrafen, welchen es
441 2816 2182 2896 gelungen war, über die Völkerwanderung in ſtetig fortſchreitender
439 2885 2180 2968 landwirtſchaftlicher Entwickelung ihre der römiſchen Herrſchaft ab⸗
441 2959 2184 3038 gerungenen Gebiete zu behaupten: der Alemannen am Oberrhein
444 3044 2182 3105 und der Franken am Niederrhein. In ſolchem Zuſammentreffen
441 3098 2180 3183 beiderſeitiger Intereſſen bergen ſich aber je und je die Keime kriege⸗
441 3170 2178 3244 riſcher Verwicklungen (vergl. heutzutage Afrika und Oſtaſien). So
446 3242 2178 3314 konnte es denn auch nicht ausbleiben, daß mit der Zeit die beiden
446 3314 2178 3405 wetteifernden Völker den zunehmenden Hader zu kriegeriſchem Aus⸗
1278 332 1372 423 14
