2584 4036
177 421 1906 520 ſeins. Daher kam es, daß nachmals wie bei Speier und Worms
174 500 1906 585 die in römiſcher Zeit beigefügten Bezeichnungen wieder verſchwanden,
177 562 1906 659 um den altkeltiſchen Stammesnamen alleinige Geltung zu laſſen.
181 630 1908 730 Dieſe erwieſen ſich ihrerſeits als ſo feſtgewurzelt, daß noch Jahr⸗
179 704 1908 804 hunderte ſpäter, als nach Aufhören der Römerherrſchaft das ganze
183 775 1913 869 Land längſt ein deutſches geworden war, ſie den deutſchen Gauen
181 852 1911 937 ihre Namen gaben: Spiregowe, Wormazfeld, Lobodungowe. In
181 914 1913 1022 dieſer Hinſicht ſteht auf dem rechten Rheinufer unſre Stadt beinahe
181 1009 439 1096 einzig da.
1009 279 1066 383 3
