2584 4036
733 477 2471 553 Seite wird das Vorhandenſein von Märkten im rechtsrheiniſchen
731 544 2471 627 Oſtfranken für jene Zeit in Zweifel gezogen.) Mühlen und Bäcke⸗
731 614 2471 692 reien wurden erbaut, Gärten angelegt, in welchen manches bis da⸗
728 690 2471 778 hin fremde Gewächs zur Zierde wie zur Speiſe Pflege fand. Der
735 757 2471 840 Rebenbau griff raſch um ſich, ſo daß wir nach Jahrhunderten nicht
731 827 2469 912 nur die ſonnigen Abhänge des Gebirgs, ſondern auch die beiden
733 896 2471 982 Neckarufer bis zur Mündung in den Rhein mit Weingärten beſetzt
733 970 2471 1060 finden. Auch zum Königshofe der Lobedunburg gehörten nicht
731 1044 2471 1132 wenige Reben, wie denn in jeder Hinſicht dieſe Höfe neben ihrer
731 1112 2471 1199 wichtigen politiſchen Bedeutung ganz beſonders die ziviliſatoriſche
728 1183 2469 1275 hatten, für alle nennenswerten Fortſchritte und Verbeſſerungen des
733 1255 2045 1336 Landbaues mit anregendem Beiſpiel voranzugehen.
877 1327 2474 1417 Solcher Aufgabe konnte der hieſige Königshof in vermehrter
731 1399 2471 1486 und verbeſſerter Weiſe nachkommen, ſeitdem er durch königliche
733 1477 2471 1551 Schenkung ins Eigentum der Biſchöfe von Worms übergegangen
733 1540 2471 1630 war. Dieſes Ereignis iſt übrigens von ſo hervorragender Wichtig⸗
733 1609 2469 1710 keit, daß wir beſſer thun, mit demſelben ein neues Kapitel zu
731 1681 984 1778 beginnen.
1554 332 1655 427 18
