2584 4036
457 459 2193 535 ihrer Herrſchaft zu verwerten. Sie bedurften beträchtlichen Land⸗
457 535 2198 605 beſitzes, ſei es zur Verſchenkung oder Verleihung, ſei es zu eigener
457 598 2195 683 Bewirtſchaftung. Zu ſolchem Beſitze für den königlichen Fiskus eig⸗
457 672 2195 755 neten ſich in erſter Linie die in den früheren Kriegen verwüſteten,
455 748 2195 818 herrenlos daliegenden Römerplätze, dann wenig berührte Waldungen
457 813 2195 901 und anderes. Zur erſtgenannten Art fiskaliſcher Beſitzungen gehörte
457 887 2195 957 nunmehr auch unſre Stadt, wie noch mehrere Orte der nähern und
457 952 2195 1038 weitern Umgebung. Ob zwar jene fränkiſche Frau Baſina, deren
462 1029 2195 1100 Name im Namen des Königshofes Baſinesheim (Bensheim) ſteckt,
459 1105 2195 1181 dieſelbe iſt mit der Mutter des Königs Chlodwig, das ſteht dahin.
459 1174 2198 1248 Dagegen iſt für unſer Lopodunum wie für Bensheim ganz ſicher
459 1239 2198 1322 anzunehmen, daß es im Laufe des ſechſten Jahrhunderts zum
457 1311 1807 1390 königlichen Fiskaleigentum eingezogen wurde.
605 1383 2200 1466 Es entſtand hier wie anderwärts ein königliches Hofgut
457 1452 2198 1535 (curtis regalis), zu deſſen Bewirtſchaftung und Verwaltung frän⸗
459 1522 2200 1600 kiſche Anſiedler ſich hier niederlaſſen mußten. Darunter haben wir
459 1596 2198 1681 uns in erſter Linie einige freie Männer mit ihren Familien vorzu⸗
459 1672 2198 1744 ſtellen, von welchen einer als „Meier“ (villicus) dem Ganzen vor⸗
459 1733 2198 1822 geſetzt war. Dazu kam das Hausgeſinde für Kammer, Küche und
459 1807 2200 1885 Keller, und das Hofgeſinde, Ackerknechte, Mägde, Hirten, leibeigene
459 1876 2200 1959 Handwerker, alle unfrei; ohne Lohn arbeiteten dieſe, ſtanden aber
459 1948 2200 2031 dafür unter des Königs Schutz. Infolge deſſen erhoben ſich nun⸗
459 2020 2200 2107 mehr auf der Stelle, wo einſt der Keltenhäuptling Loupos ſeinen
459 2089 2200 2170 befeſtigten Herrenſitz eingerichtet, wo ſpäter das Amthaus des römi⸗
462 2161 2200 2244 ſchen Verwaltungsbeamten geſtanden — alſo da, wo jetzt unſre
462 2233 2198 2318 Volksſchulgebäude ſtehen —, eine Reihe hölzerner Bauten: Wohn⸗
462 2305 2200 2390 häuſer, Scheuern und Speicher, Ställe für zahlreiches Groß⸗ und
464 2376 2200 2461 Kleinvieh, alles umgeben mit ſtarkem Zaun, ſpäter mit einer Ring⸗
462 2446 2200 2533 mauer. Den Mittelpunkt der Gebäude bildete der Saal, d. h. das
464 2531 2200 2594 ſteinerne Wohnhaus, welches zum Abſteigequartier für den König
462 2594 2200 2668 beſtimmt und eingerichtet war. Von dieſem Gebäude führte noch
462 2659 2200 2748 vor 200 Jahren die jetzige Kirchgaſſe den alten Namen Saalgaſſe.
462 2728 2200 2813 (In einer ſpäter zu beſprechenden königlichen Urkunde, deren Un⸗
462 2807 2200 2887 echtheit nicht mehr bezweifelt werden kann, wird für hier ein Pala⸗
464 2883 2202 2955 tium erwähnt. Deshalb finden wir bei älteren Geſchichtſchreibern
464 2941 2202 3033 unſre Stadt unter den Plätzen aufgezählt, in welchen ſich königliche
464 3015 948 3107 Pfalzen befanden.)
607 3083 2204 3172 Die Stadt, welche ſich um den Königshof erhob, dürfen wir
466 3157 2202 3235 uns noch nicht ſo dicht im Innern gebaut und nach außen nicht ſo
466 3228 2202 3311 geſchloſſen denken, wie ſie der Hauptſache nach jetzt noch beſteht.
466 3311 2202 3396 Um dieſe Geſtalt zu erlangen, bedurfte es für unſere Stadt mehrerer
1300 331 1374 410 16
