<?xml version="1.0" encoding="UTF-8"  standalone="yes"?>
<PcGts xmlns="http://schema.primaresearch.org/PAGE/gts/pagecontent/2019-07-15" xmlns:xsi="http://www.w3.org/2001/XMLSchema-instance" xsi:schemaLocation="http://schema.primaresearch.org/PAGE/gts/pagecontent/2019-07-15 http://schema.primaresearch.org/PAGE/gts/pagecontent/2019-07-15/pagecontent.xsd">
  <Metadata externalRef="https://digi.bib.uni-mannheim.de/fileadmin/digi/1885309457">
	<Creator>escriptorium</Creator>
	<Created>2024-04-10T17:50:54.338015+02:00</Created>
        <LastChange>2024-04-11T23:02:13.668677+02:00</LastChange>
  </Metadata>
  <Page imageFilename="1885309457_0016.jpg" imageWidth="2584" imageHeight="4036">
    <TextRegion id="eSc_textblock_bcfbf723"  custom="structure {type:text;}">
      <Coords points="856,466 2222,493 2213,3379 466,3370 466,493 856,466"/>
      <TextLine id="eSc_line_aba67ca1" custom="structure {type:default;}">
        <Coords points="2195,491 2173,491 2151,491 2128,491 2106,491 2083,488 2061,488 2038,488 2016,488 1994,488 1971,486 1949,486 1926,486 1904,486 1881,486 1859,484 1837,484 1814,484 1792,484 1769,484 1747,482 1724,482 1702,482 1680,482 1657,482 1635,479 1612,479 1590,479 1567,479 1552,479 1545,479 1523,477 1500,477 1478,477 1455,477 1449,477 1440,479 1433,477 1433,477 1410,475 1388,475 1366,475 1357,475 1321,482 1289,473 1276,473 1253,473 1231,473 1209,473 1186,470 1164,470 1141,470 1119,470 1096,470 1074,468 1051,468 1029,468 1007,468 998,468 995,468 993,468 968,479 955,468 953,468 951,468 841,468 838,468 836,468 809,479 760,470 760,470 737,473 733,473 711,484 567,484 558,486 536,486 513,488 491,491 468,491 471,522 471,538 2202,547 2207,517 2202,491 2195,491"/>
        <Baseline points="471,522 2207,517"/>
        <TextEquiv conf="0.9957936592400074">
          <Unicode>war es aller Wahrſcheinlichkeit nach eine wandernde Keltenhorde,</Unicode>
        </TextEquiv>
      </TextLine>
      <TextLine id="eSc_line_e4d1566c" custom="structure {type:default;}">
        <Coords points="471,594 471,614 675,625 677,625 740,614 742,614 769,625 771,625 773,625 832,614 861,625 863,625 865,625 868,625 901,612 906,612 933,612 1085,623 1087,623 1209,612 1213,612 1215,612 1251,623 1253,623 1256,623 1332,609 1345,609 1357,609 1424,621 1426,623 1610,623 1610,621 1612,621 1644,609 1668,621 1671,621 1673,621 1733,609 2133,618 2135,618 2204,605 2207,585 2202,549 1937,533 1935,533 1837,547 1810,533 1807,533 1805,533 1803,533 1758,549 1756,549 1736,549 1417,535 1415,535 1413,535 1379,549 1318,538 1316,538 1211,551 1197,551 1191,551 1146,538 1143,538 1141,538 1139,538 1137,538 1121,551 1092,538 1090,538 998,538 995,538 993,538 955,551 953,551 939,551 771,540 769,540 767,540 740,551 733,553 722,551 670,542 668,542 666,542 630,551 621,553 612,551 554,540 551,540 468,551 471,594"/>
        <Baseline points="471,594 2207,585"/>
        <TextEquiv conf="0.9975925124052799">
          <Unicode>welche zuerſt ihren Wohnſitz hier aufſchlug, um die reichlich dar⸗</Unicode>
        </TextEquiv>
      </TextLine>
      <TextLine id="eSc_line_15caa95c" custom="structure {type:default;}">
        <Coords points="471,665 471,695 556,683 946,692 1038,692 1040,692 1043,692 1045,692 1045,690 1047,690 1056,681 2204,681 2207,659 2202,621 1971,607 1969,607 1967,607 1964,607 1951,621 1837,621 1798,607 1796,607 1794,607 1621,621 1372,609 1370,609 1368,609 1336,621 1303,609 1300,609 1298,609 1220,621 1195,609 1193,609 1191,609 1188,609 1186,609 1170,621 1101,609 1099,609 1096,609 1043,623 964,612 962,612 843,623 715,612 713,612 711,612 668,623 542,612 540,612 468,625 471,665"/>
        <Baseline points="471,665 2207,659"/>
        <TextEquiv conf="0.9994328655302525">
          <Unicode>gebotene Gelegenheit zu Jagd und Fiſchfang auszunützen. War doch</Unicode>
        </TextEquiv>
      </TextLine>
      <TextLine id="eSc_line_95b5d103" custom="structure {type:default;}">
        <Coords points="471,733 471,751 939,762 942,762 1238,751 1334,762 1336,762 1339,762 1377,748 1381,748 1399,748 1518,760 1520,760 1614,748 1623,748 1664,748 2166,760 2169,760 2171,760 2207,746 2207,728 2202,692 1763,679 1760,679 1758,679 1756,679 1736,692 1597,692 1543,679 1540,679 1538,679 1489,690 1419,679 1417,679 1415,679 1381,690 1345,679 1343,679 1341,679 1339,679 1336,679 1323,690 1087,681 1085,681 1083,681 1081,681 1067,692 1011,681 1009,681 769,692 702,681 699,681 549,692 515,681 513,681 511,681 509,681 468,695 471,733"/>
        <Baseline points="471,733 2207,728"/>
        <TextEquiv conf="0.9956313655024669">
          <Unicode>rings umher alles Land mit Wald bedeckt, von Flußarmen durch⸗</Unicode>
        </TextEquiv>
      </TextLine>
      <TextLine id="eSc_line_40507fa3" custom="structure {type:default;}">
        <Coords points="471,809 471,838 643,825 845,834 901,836 903,836 935,834 1020,822 1134,829 1195,834 1197,834 1265,829 1361,820 1419,827 1469,831 1471,831 1473,831 1489,825 1502,820 1520,825 1545,831 1547,831 1549,831 1614,822 1646,820 1760,822 2184,829 2186,829 2189,829 2191,829 2209,816 2209,800 2204,764 2054,751 2052,751 2050,751 2027,762 2025,764 1866,764 1861,762 1787,751 1785,751 1783,751 1760,762 1754,764 1740,762 1693,753 1691,753 1471,762 1374,764 1368,762 1350,753 1348,753 1345,753 1343,753 1316,760 1296,766 1287,760 1280,755 1278,755 1276,755 1274,755 1271,755 1256,760 1240,766 1229,760 1222,755 1220,755 1217,755 1215,755 1179,760 1137,766 939,760 850,757 847,757 845,757 843,757 841,760 827,769 468,760 471,809"/>
        <Baseline points="471,809 2209,800"/>
        <TextEquiv conf="0.9949510296185812">
          <Unicode>zogen, deren Spuren da und dort noch recht deutlich zu erkennen</Unicode>
        </TextEquiv>
      </TextLine>
      <TextLine id="eSc_line_832b21c3" custom="structure {type:default;}">
        <Coords points="468,876 468,905 587,894 2204,894 2209,872 2204,836 2115,822 2112,822 2110,822 2081,834 2081,836 1969,836 1969,834 1955,822 1953,822 1951,822 1949,822 1875,834 1870,834 1866,834 1783,822 1780,822 1778,822 1747,834 1745,834 1742,834 1697,822 1695,822 1693,822 1422,834 1323,836 1312,831 1292,825 1289,825 1287,825 1285,825 1269,831 1262,836 1244,831 1209,825 1206,825 466,829 468,876"/>
        <Baseline points="468,876 2209,872"/>
        <TextEquiv conf="0.9970559819799955">
          <Unicode>ſind. Auch bewahrt die Ladenburger Gemarkung in nicht wenigen</Unicode>
        </TextEquiv>
      </TextLine>
      <TextLine id="eSc_line_3112e3e1" custom="structure {type:default;}">
        <Coords points="471,948 471,968 2204,964 2207,943 2202,908 1372,894 1370,894 1280,908 1278,908 1209,896 1206,896 870,908 785,896 782,896 722,908 695,896 693,896 690,896 688,896 686,896 666,910 542,910 493,896 491,896 488,896 486,896 484,896 468,903 471,948"/>
        <Baseline points="471,948 2207,943"/>
        <TextEquiv conf="0.9862261129848993">
          <Unicode>Gewannbezeichnungen wie Altwaſſer, Bellengärten, Biberlache, Enten⸗</Unicode>
        </TextEquiv>
      </TextLine>
      <TextLine id="eSc_line_a66d3c8b" custom="structure {type:default;}">
        <Coords points="471,1020 471,1049 567,1038 2202,1040 2207,1015 2202,979 2061,966 2059,966 1971,977 1940,966 1937,966 1935,966 1933,966 1899,977 1848,964 1846,964 1843,964 1841,964 1814,977 1765,964 1763,964 1760,964 1758,964 1718,977 1668,964 1666,964 1664,964 1570,977 1422,964 1419,964 1417,964 1372,977 1341,964 1339,964 1336,964 1271,977 1139,966 1137,966 1134,966 1132,966 1114,979 1114,982 1101,982 1065,982 1036,966 1034,966 1031,966 1029,966 1002,979 892,968 890,968 888,968 852,979 807,966 805,966 803,966 715,979 695,966 693,966 690,966 688,966 686,966 663,977 601,966 598,966 596,966 594,966 571,979 491,968 488,968 486,968 484,968 468,975 471,1020"/>
        <Baseline points="471,1020 2207,1015"/>
        <TextEquiv>
          <Unicode>ſee, Gieſen, Krotenlache, Löhl, Meer (Mör = Moor), Reche, Rohm,</Unicode>
        </TextEquiv>
      </TextLine>
      <TextLine id="eSc_line_6366ece0" custom="structure {type:default;}">
        <Coords points="473,1094 473,1112 2204,1103 2207,1085 2202,1047 471,1047 473,1094"/>
        <Baseline points="473,1094 2207,1085"/>
        <TextEquiv conf="0.9950772387082459">
          <Unicode>Waſſerbett, Weidig, Weihergärten, Wörth unverkennbare Erinne⸗</Unicode>
        </TextEquiv>
      </TextLine>
      <TextLine id="eSc_line_76353c9f" custom="structure {type:default;}">
        <Coords points="473,1165 473,1183 1778,1174 1780,1156 1776,1121 1466,1107 1464,1107 1462,1107 1460,1107 1442,1118 1377,1109 1374,1109 1372,1109 1370,1109 1370,1112 1361,1121 1359,1121 1330,1109 1327,1109 1325,1109 1256,1121 1242,1121 1235,1121 1206,1109 1204,1109 1202,1109 1126,1121 1112,1121 1099,1121 1051,1112 1049,1112 1047,1112 1045,1112 1045,1114 1038,1121 1034,1123 1013,1121 962,1112 960,1112 870,1121 825,1123 816,1121 798,1112 796,1112 794,1112 791,1112 789,1112 778,1121 764,1125 471,1121 473,1165"/>
        <Baseline points="473,1165 1780,1156"/>
        <TextEquiv conf="0.9887865294109691">
          <Unicode>rungen an ehemalige Sumpf⸗ und Waldumgebung.</Unicode>
        </TextEquiv>
      </TextLine>
      <TextLine id="eSc_line_05266898" custom="structure {type:default;}">
        <Coords points="614,1235 614,1253 2209,1244 2211,1226 2207,1186 612,1183 614,1235"/>
        <Baseline points="614,1235 2211,1226"/>
        <TextEquiv conf="0.9972786949947476">
          <Unicode>Die erſten Zuſtände und Einrichtungen jener keltiſchen Anſiedler</Unicode>
        </TextEquiv>
      </TextLine>
      <TextLine id="eSc_line_be511b3b" custom="structure {type:default;}">
        <Coords points="471,1307 471,1329 690,1325 720,1329 749,1336 751,1336 753,1336 769,1329 785,1325 825,1329 865,1336 868,1336 908,1329 964,1322 1043,1329 1081,1334 1083,1334 1085,1334 1087,1334 1092,1329 1099,1325 1108,1329 1110,1334 1112,1334 1114,1334 1117,1336 1336,1336 1336,1334 1339,1334 1348,1329 1377,1320 1516,1329 1543,1331 1545,1331 1563,1329 1659,1320 1727,1329 1740,1331 1742,1331 1769,1329 1931,1318 1955,1329 1958,1329 1960,1331 2204,1331 2207,1298 2202,1260 1839,1246 1837,1246 1834,1246 1832,1246 1816,1257 1500,1248 1498,1248 1422,1260 1343,1248 1341,1248 1339,1248 1336,1248 1318,1262 921,1251 919,1251 807,1264 536,1253 533,1253 468,1266 471,1307"/>
        <Baseline points="471,1307 2207,1298"/>
        <TextEquiv conf="0.993442714214325">
          <Unicode>mögen noch recht dürftig geweſen ſein. Mit der Zeit jedoch hob ſich</Unicode>
        </TextEquiv>
      </TextLine>
      <TextLine id="eSc_line_c46e1d80" custom="structure {type:default;}">
        <Coords points="471,1378 471,1394 2189,1399 2191,1399 2193,1399 2195,1399 2211,1387 2211,1369 2207,1331 1985,1318 1982,1318 1980,1318 1951,1329 1920,1318 1917,1318 1915,1318 1913,1318 1888,1329 1843,1318 1841,1318 1839,1318 1765,1331 1659,1320 1657,1320 1655,1320 1653,1320 1637,1334 1453,1334 1345,1320 1343,1320 1341,1320 1307,1334 1274,1322 1271,1322 1269,1322 1197,1334 1128,1322 1126,1322 1047,1334 1016,1322 1013,1322 1011,1322 1009,1322 964,1334 829,1325 827,1325 825,1325 823,1325 803,1336 486,1325 484,1325 482,1325 480,1325 468,1334 471,1378"/>
        <Baseline points="471,1378 2211,1369"/>
        <TextEquiv conf="0.990975578315556">
          <Unicode>infolge vermehrten Verkehrs die Kultur auch in den Wohnſitzen am</Unicode>
        </TextEquiv>
      </TextLine>
      <TextLine id="eSc_line_38558889" custom="structure {type:default;}">
        <Coords points="473,1450 473,1477 632,1464 1435,1470 1437,1470 1514,1457 1543,1468 1545,1468 1547,1470 1700,1470 1700,1468 1702,1468 1729,1457 2014,1466 2016,1466 2018,1466 2061,1455 2204,1466 2209,1439 2204,1405 1899,1387 1897,1387 1895,1387 1893,1387 1870,1403 1843,1394 1841,1394 1839,1394 1837,1394 1807,1405 1801,1408 1689,1408 1684,1405 1648,1390 1646,1390 1644,1390 1538,1405 1509,1408 1363,1408 1361,1405 1345,1392 1343,1392 1341,1392 1339,1392 1336,1392 1298,1405 1292,1405 1276,1405 1173,1392 1170,1392 1168,1392 1166,1392 1166,1394 1152,1405 1148,1410 1132,1405 1103,1394 1101,1394 1047,1394 1045,1394 1043,1394 1040,1394 1029,1405 1020,1410 982,1405 912,1394 910,1394 800,1396 798,1396 796,1396 787,1405 778,1412 762,1405 746,1396 744,1396 742,1396 704,1405 666,1412 632,1405 596,1396 594,1396 471,1403 473,1450"/>
        <Baseline points="473,1450 2209,1439"/>
        <TextEquiv conf="0.9952096896512168">
          <Unicode>Rhein und Neckar. Die Behauſungen wurden wohnlicher. Der</Unicode>
        </TextEquiv>
      </TextLine>
      <TextLine id="eSc_line_36fcae57" custom="structure {type:default;}">
        <Coords points="475,1520 475,1538 2202,1540 2207,1511 2202,1470 473,1468 475,1520"/>
        <Baseline points="475,1520 2207,1511"/>
        <TextEquiv conf="0.9991509383544326">
          <Unicode>Wald nächſt der Anſiedelung wurde gerodet. Zu Jagd und Fiſchfang</Unicode>
        </TextEquiv>
      </TextLine>
      <TextLine id="eSc_line_f93b1079" custom="structure {type:default;}">
        <Coords points="471,1596 471,1614 2000,1598 2003,1583 1998,1544 1846,1531 1843,1531 1841,1531 1794,1542 1758,1529 1756,1529 1754,1529 1751,1529 1749,1529 1724,1544 1579,1531 1576,1531 1487,1547 1386,1535 1383,1535 1305,1547 1269,1533 1267,1533 1265,1533 1262,1533 1209,1549 1197,1538 1195,1538 1193,1538 1191,1538 1188,1538 1155,1549 1090,1535 1087,1535 1085,1535 1083,1535 1063,1549 1031,1535 1029,1535 1027,1535 886,1551 870,1538 868,1538 865,1538 863,1538 755,1549 726,1538 724,1538 722,1538 720,1538 659,1553 531,1540 529,1540 527,1540 468,1556 471,1596"/>
        <Baseline points="471,1596 2003,1583"/>
        <TextEquiv conf="0.9993993824925916">
          <Unicode>geſellte ſich Acker⸗ und Gartenbau in primitiven Anfängen.</Unicode>
        </TextEquiv>
      </TextLine>
      <TextLine id="eSc_line_5bed5fba" custom="structure {type:default;}">
        <Coords points="616,1663 616,1679 2204,1681 2209,1654 2207,1618 2169,1603 2166,1603 2164,1603 2059,1616 1985,1603 1982,1603 1980,1603 1942,1616 1926,1605 1924,1605 1922,1605 1920,1605 1783,1618 1772,1618 1749,1618 1433,1605 1431,1605 1428,1605 1388,1618 1386,1618 1383,1618 1327,1607 1325,1607 1229,1618 1226,1618 1200,1607 1197,1607 1195,1607 1105,1618 1085,1621 1065,1618 980,1609 908,1609 906,1609 903,1609 901,1609 890,1618 886,1623 850,1618 760,1609 758,1609 614,1618 616,1663"/>
        <Baseline points="616,1663 2209,1654"/>
        <TextEquiv conf="0.9969871824437921">
          <Unicode>In jenen Zeiten zunehmender Kultur mag es geweſen ſein,</Unicode>
        </TextEquiv>
      </TextLine>
      <TextLine id="eSc_line_4d0bf4c8" custom="structure {type:default;}">
        <Coords points="473,1733 473,1753 2207,1744 2209,1724 2204,1686 1908,1686 1868,1672 1866,1672 1863,1672 1861,1672 1819,1683 1776,1672 1774,1672 1772,1672 1677,1686 1554,1674 1552,1674 1549,1674 1502,1686 1280,1677 1278,1677 1276,1677 1251,1688 1229,1677 1226,1677 1224,1677 1148,1688 957,1677 955,1677 953,1677 912,1688 675,1679 672,1679 670,1679 632,1690 607,1679 605,1679 603,1679 551,1690 527,1679 524,1679 522,1679 520,1679 471,1692 473,1733"/>
        <Baseline points="473,1733 2209,1724"/>
        <TextEquiv conf="0.9996330859139562">
          <Unicode>als ein Keltenhäuptling Namens Loupos ſeinen Wohnſitz auf unſrer</Unicode>
        </TextEquiv>
      </TextLine>
      <TextLine id="eSc_line_9b9255ab" custom="structure {type:default;}">
        <Coords points="477,1804 477,1827 2204,1811 2207,1793 2202,1757 1951,1757 1931,1744 1929,1744 1926,1744 1924,1744 1839,1757 1823,1757 1801,1757 1664,1744 1662,1744 1659,1744 1657,1744 1641,1757 1639,1760 1547,1760 1543,1757 1523,1744 1520,1744 1518,1744 1516,1744 1514,1744 1511,1744 1511,1746 1498,1757 1493,1760 1478,1757 1431,1746 1428,1746 1426,1746 1424,1746 1413,1757 1408,1760 1392,1757 1348,1746 1345,1746 1253,1757 1235,1757 1224,1757 1168,1746 1166,1746 1164,1746 1137,1757 1123,1762 1110,1757 1092,1748 1090,1748 1087,1748 1085,1748 1054,1757 1027,1764 863,1764 852,1757 841,1748 838,1748 836,1748 834,1748 832,1748 829,1748 829,1751 823,1757 816,1762 803,1757 785,1751 782,1751 780,1751 475,1755 477,1804"/>
        <Baseline points="477,1804 2207,1793"/>
        <TextEquiv conf="0.9920359728857875">
          <Unicode>Inſel befeſtigte, um die beherrſchende Lage desſelben dauernd zu</Unicode>
        </TextEquiv>
      </TextLine>
      <TextLine id="eSc_line_23d3ecf0" custom="structure {type:default;}">
        <Coords points="473,1874 473,1899 2207,1883 2209,1865 2204,1829 1991,1816 1989,1816 1904,1827 1870,1816 1868,1816 1866,1816 1774,1829 1767,1829 1742,1829 1431,1818 1428,1818 1426,1818 1388,1829 1345,1818 1343,1818 1341,1818 1339,1818 1336,1818 1321,1831 1318,1831 1274,1831 1002,1820 1000,1820 924,1831 903,1834 899,1831 888,1822 886,1822 883,1822 881,1822 827,1831 814,1834 807,1831 787,1822 785,1822 782,1822 471,1831 473,1874"/>
        <Baseline points="473,1874 2209,1865"/>
        <TextEquiv conf="0.9933611616011588">
          <Unicode>ſichern. Unter dem Schutze der mit einem Walle aus Baumſtämmen</Unicode>
        </TextEquiv>
      </TextLine>
      <TextLine id="eSc_line_00fb3d23" custom="structure {type:default;}">
        <Coords points="473,1946 473,1966 1240,1970 1242,1970 1244,1970 1278,1961 1289,1959 1309,1961 1386,1970 1388,1970 1532,1959 1545,1959 1549,1959 1592,1970 1594,1970 1597,1970 1805,1957 1828,1957 1846,1957 2038,1968 2041,1968 2103,1957 2182,1968 2184,1968 2186,1968 2189,1968 2207,1955 2207,1939 2202,1901 1639,1887 1637,1887 1547,1901 1516,1890 1514,1890 1511,1890 1226,1901 1128,1890 1126,1890 1045,1903 968,1892 966,1892 964,1892 939,1905 728,1905 697,1892 695,1892 693,1892 690,1892 688,1892 672,1903 657,1892 654,1892 652,1892 533,1892 531,1892 471,1905 473,1946"/>
        <Baseline points="473,1946 2207,1939"/>
        <TextEquiv conf="0.982314763398006">
          <Unicode>und Steinen umgebenen Burg nahm die Zahl der Einwohner zu,</Unicode>
        </TextEquiv>
      </TextLine>
      <TextLine id="eSc_line_6f084f46" custom="structure {type:default;}">
        <Coords points="473,2018 473,2047 2207,2029 2209,2009 2204,1968 1341,1959 1339,1959 1336,1959 1309,1970 493,1964 491,1964 488,1964 486,1964 471,1970 473,2018"/>
        <Baseline points="473,2018 2209,2009"/>
        <TextEquiv conf="0.9849551395631172">
          <Unicode>ſo daß der Ort ſich zum Mittelpunkte der weithin zerſtreuten keltiſchen</Unicode>
        </TextEquiv>
      </TextLine>
      <TextLine id="eSc_line_5f4b93ea" custom="structure {type:default;}">
        <Coords points="473,2089 473,2107 1859,2109 1861,2109 2207,2096 2209,2078 2204,2042 2133,2029 2130,2029 2128,2029 2126,2029 2110,2042 1929,2042 1861,2026 1859,2026 1783,2042 1780,2042 1776,2042 1715,2029 1536,2029 1534,2029 1532,2029 1529,2029 1509,2042 1509,2044 1507,2042 1491,2031 1489,2031 1487,2031 1484,2031 1482,2031 1457,2042 1453,2044 1424,2042 1253,2031 1251,2031 1249,2031 1215,2044 1211,2044 1209,2044 1168,2031 1166,2031 1164,2031 1161,2031 1159,2031 1143,2044 1139,2049 1065,2049 1060,2044 1047,2033 1045,2033 1043,2033 1040,2033 883,2044 816,2049 769,2044 677,2035 675,2035 471,2044 473,2089"/>
        <Baseline points="473,2089 2209,2078"/>
        <TextEquiv conf="0.9971122136191716">
          <Unicode>Anſiedelungen geſtaltete. So kam es, daß die bis dahin namenlos</Unicode>
        </TextEquiv>
      </TextLine>
      <TextLine id="eSc_line_c197bb36" custom="structure {type:default;}">
        <Coords points="473,2161 473,2181 2207,2165 2209,2148 2204,2109 762,2107 760,2107 471,2121 473,2161"/>
        <Baseline points="473,2161 2209,2148"/>
        <TextEquiv conf="0.9981124422379902">
          <Unicode>geweſene Niederlaſſung nunmehr im Munde der Umwohner den</Unicode>
        </TextEquiv>
      </TextLine>
      <TextLine id="eSc_line_69d47525" custom="structure {type:default;}">
        <Coords points="477,2231 477,2257 1168,2257 1168,2255 1258,2246 1296,2244 1343,2246 1480,2253 1482,2253 1567,2244 1585,2242 1662,2242 2184,2248 2186,2248 2189,2248 2211,2235 2211,2219 2207,2181 1964,2170 1962,2170 1870,2181 1859,2181 1823,2181 1518,2172 1516,2172 1514,2172 1511,2172 1500,2181 1498,2186 475,2186 477,2231"/>
        <Baseline points="477,2231 2211,2219"/>
        <TextEquiv conf="0.9995801839335211">
          <Unicode>Namen Loupodunon erhielt, das heißt des Loupos befeſtigter</Unicode>
        </TextEquiv>
      </TextLine>
      <TextLine id="eSc_line_b3e1325c" custom="structure {type:default;}">
        <Coords points="475,2305 475,2334 2204,2318 2207,2289 2204,2248 2164,2237 2162,2237 2160,2237 1870,2248 1855,2237 1852,2237 1850,2237 1848,2237 1697,2251 1689,2251 1686,2251 1646,2239 1644,2239 1641,2239 1639,2239 1637,2239 1621,2251 1617,2251 1446,2242 1444,2242 1292,2253 1285,2253 1262,2242 1260,2242 1258,2242 1256,2242 1206,2253 1197,2255 1170,2255 1022,2244 1020,2244 1018,2244 989,2255 986,2255 971,2255 773,2246 771,2246 769,2246 767,2246 751,2257 746,2260 473,2260 475,2305"/>
        <Baseline points="475,2305 2207,2289"/>
        <TextEquiv conf="0.9890602533497027">
          <Unicode>Platz. Der Name hat ſich durch zwei Jahrtauſende erhalten, freilich</Unicode>
        </TextEquiv>
      </TextLine>
      <TextLine id="eSc_line_49e81bb2" custom="structure {type:default;}">
        <Coords points="475,2372 475,2392 2202,2394 2207,2363 2202,2325 1967,2311 1964,2311 1962,2311 1960,2311 1946,2322 1922,2311 1920,2311 1917,2311 1819,2322 1778,2311 1776,2311 1774,2311 1772,2311 1769,2311 1756,2325 1724,2313 1722,2313 1720,2313 1480,2325 1377,2313 1374,2313 1372,2313 1334,2327 924,2316 921,2316 861,2327 798,2318 796,2318 794,2318 791,2318 776,2329 515,2318 513,2318 511,2318 473,2331 475,2372"/>
        <Baseline points="475,2372 2207,2363"/>
        <TextEquiv conf="0.9939486686734186">
          <Unicode>nicht ohne allerlei Umbildung zu erleiden, und ſteckt auch jetzt noch</Unicode>
        </TextEquiv>
      </TextLine>
      <TextLine id="eSc_line_e9ec883c" custom="structure {type:default;}">
        <Coords points="477,2444 477,2461 1511,2459 1511,2435 1507,2399 1361,2385 1359,2385 1357,2385 1354,2385 1336,2396 1229,2387 1226,2387 1027,2399 998,2387 995,2387 993,2387 926,2401 760,2390 758,2390 755,2390 704,2403 488,2392 486,2392 484,2392 482,2392 482,2394 480,2394 475,2396 477,2444"/>
        <Baseline points="477,2444 1511,2435"/>
        <TextEquiv conf="0.9998709277974235">
          <Unicode>im gegenwärtigen Namen unſrer Stadt.</Unicode>
        </TextEquiv>
      </TextLine>
      <TextLine id="eSc_line_f101905b" custom="structure {type:default;}">
        <Coords points="614,2513 614,2531 2204,2533 2209,2506 2202,2464 612,2466 614,2513"/>
        <Baseline points="614,2513 2209,2506"/>
        <TextEquiv conf="0.9966724412194614">
          <Unicode>Ob die Kelten, welche unſrer Stadt Daſein und Namen gaben,</Unicode>
        </TextEquiv>
      </TextLine>
      <TextLine id="eSc_line_7d1acde0" custom="structure {type:default;}">
        <Coords points="475,2583 475,2603 2207,2594 2209,2574 2204,2538 1937,2524 1935,2524 1933,2524 1906,2535 1859,2524 1857,2524 1855,2524 1852,2524 1816,2535 1653,2526 1650,2526 1648,2526 1617,2540 1410,2540 1361,2526 1359,2526 1357,2526 1354,2526 1325,2540 960,2529 957,2529 883,2542 675,2531 672,2531 473,2544 475,2583"/>
        <Baseline points="475,2583 2209,2574"/>
        <TextEquiv conf="0.9937635054664006">
          <Unicode>verwandt waren mit jenen Keltenſcharen, welche im fünften Jahr⸗</Unicode>
        </TextEquiv>
      </TextLine>
      <TextLine id="eSc_line_c6748971" custom="structure {type:default;}">
        <Coords points="475,2654 475,2686 601,2674 832,2683 881,2683 883,2683 2207,2666 2209,2645 2207,2609 2175,2596 2173,2596 2171,2596 2169,2596 2142,2607 1982,2596 1980,2596 1834,2607 1832,2607 1801,2596 1798,2596 1796,2596 1709,2607 1691,2609 1668,2607 1601,2598 1599,2598 1523,2607 1496,2609 1491,2607 1478,2598 1475,2598 1473,2598 1471,2598 1469,2598 1466,2598 1457,2607 1453,2609 1440,2607 1408,2600 1406,2600 1366,2607 1330,2612 1307,2607 1285,2600 1283,2600 1280,2600 1278,2600 1262,2607 1247,2612 1217,2607 1188,2600 1186,2600 1121,2605 1051,2612 1040,2605 1034,2600 1031,2600 1029,2600 908,2600 906,2600 874,2605 818,2614 473,2605 475,2654"/>
        <Baseline points="475,2654 2209,2645"/>
        <TextEquiv conf="0.9945266647264361">
          <Unicode>hundert vor chriſtlicher Zeitrechnung aus den Rheingegenden auf⸗</Unicode>
        </TextEquiv>
      </TextLine>
      <TextLine id="eSc_line_d6534009" custom="structure {type:default;}">
        <Coords points="475,2726 475,2746 2207,2742 2209,2717 2204,2681 1783,2668 1780,2668 1778,2668 1776,2668 1760,2681 1754,2681 1715,2670 1713,2670 1711,2670 1655,2681 1646,2681 1639,2681 1610,2670 1608,2670 1606,2670 1415,2681 1339,2683 1307,2681 1249,2672 1247,2672 1168,2681 1130,2683 1099,2681 1038,2672 1036,2672 894,2681 789,2686 473,2681 475,2726"/>
        <Baseline points="475,2726 2209,2717"/>
        <TextEquiv conf="0.990625605918467">
          <Unicode>brachen, um ſüdwärts zu ziehen und ſich in Oberitalien ein neues</Unicode>
        </TextEquiv>
      </TextLine>
      <TextLine id="eSc_line_c376fc1f" custom="structure {type:default;}">
        <Coords points="475,2798 475,2827 2207,2807 2209,2789 2204,2751 2103,2737 2101,2737 2047,2748 2023,2737 2020,2737 2018,2737 1942,2748 1937,2748 1920,2748 1619,2739 1617,2739 1614,2739 1612,2739 1599,2748 1594,2751 1565,2748 1489,2739 1487,2739 1484,2739 1453,2748 1440,2751 1435,2748 1424,2739 1422,2739 1419,2739 1417,2739 1359,2748 1314,2753 1269,2746 1226,2742 1224,2742 1222,2742 1202,2746 1179,2753 1083,2746 1002,2742 1000,2742 964,2746 903,2755 473,2746 475,2798"/>
        <Baseline points="475,2798 2209,2789"/>
        <TextEquiv conf="0.9957268641545223">
          <Unicode>Heimatsgebiet zu erobern, oder ob ſie den Helvetiern naheſtanden,</Unicode>
        </TextEquiv>
      </TextLine>
      <TextLine id="eSc_line_0cd849b5" custom="structure {type:default;}">
        <Coords points="475,2870 475,2887 1514,2892 1516,2892 2209,2876 2211,2858 2207,2820 2023,2807 2020,2807 2018,2807 2016,2807 1998,2818 1973,2809 1971,2809 1969,2809 1772,2820 1740,2809 1738,2809 1736,2809 1623,2820 1588,2809 1585,2809 1583,2809 1581,2809 1579,2809 1563,2820 1276,2811 1274,2811 1188,2822 1173,2811 1170,2811 1168,2811 1166,2811 1164,2811 1161,2811 1161,2813 1148,2825 1128,2825 845,2813 843,2813 841,2813 814,2827 798,2816 796,2816 794,2816 791,2816 652,2827 646,2827 639,2827 549,2816 547,2816 473,2827 475,2870"/>
        <Baseline points="475,2870 2211,2858"/>
        <TextEquiv conf="0.9917562301479169">
          <Unicode>welche, anfänglich bis an den Main ſeßhaft, noch in vorchriſtlicher</Unicode>
        </TextEquiv>
      </TextLine>
      <TextLine id="eSc_line_778dc9b0" custom="structure {type:default;}">
        <Coords points="477,2944 477,2970 551,2959 780,2968 811,2968 814,2968 816,2968 818,2968 850,2957 1045,2966 1092,2966 1094,2966 1112,2964 1173,2955 1363,2961 1455,2964 1457,2964 2209,2950 2211,2932 2209,2892 2169,2879 2166,2879 2164,2879 1973,2890 1904,2879 1902,2879 1899,2879 1861,2892 1837,2881 1834,2881 1832,2881 1830,2881 1805,2894 1671,2894 1599,2881 1597,2881 1511,2894 1182,2883 1179,2883 1177,2883 1128,2896 874,2885 872,2885 870,2885 818,2899 497,2887 495,2887 493,2887 491,2887 475,2896 477,2944"/>
        <Baseline points="477,2944 2211,2932"/>
        <TextEquiv conf="0.9957532604535421">
          <Unicode>Zeit vor dem Vordringen der Germanen ſich bis in die Schweiz</Unicode>
        </TextEquiv>
      </TextLine>
      <TextLine id="eSc_line_803c3e66" custom="structure {type:default;}">
        <Coords points="475,3013 475,3038 2209,3027 2211,2997 2207,2961 1736,2950 1733,2950 1671,2964 1489,2953 1487,2953 1484,2953 1440,2966 1217,2955 1215,2955 845,2970 720,2959 717,2959 715,2959 677,2973 527,2961 524,2961 522,2961 473,2975 475,3013"/>
        <Baseline points="475,3013 2211,2997"/>
        <TextEquiv conf="0.9978890997522017">
          <Unicode>zurückzogen, wer kann das wiſſen? So viel kann als ſicher angenommen</Unicode>
        </TextEquiv>
      </TextLine>
      <TextLine id="eSc_line_bf15d3cd" custom="structure {type:default;}">
        <Coords points="477,3083 477,3100 1051,3109 1054,3109 1056,3109 1090,3098 2180,3100 2182,3100 2184,3100 2211,3087 2211,3069 2207,3031 2023,3018 2020,3018 2018,3018 2016,3018 2000,3029 1639,3020 1637,3020 1635,3020 1632,3020 1610,3033 1440,3022 1437,3022 1435,3022 1388,3033 1345,3022 1343,3022 1341,3022 1112,3024 1110,3024 1087,3035 998,3027 995,3027 993,3027 971,3038 767,3027 764,3027 619,3040 585,3029 583,3029 580,3029 475,3042 477,3083"/>
        <Baseline points="477,3083 2211,3069"/>
        <TextEquiv conf="0.9960725460733686">
          <Unicode>werden, daß gerade hier keltiſche Bevölkerung ſich erhielt, auch nach⸗</Unicode>
        </TextEquiv>
      </TextLine>
      <TextLine id="eSc_line_056647ad" custom="structure {type:default;}">
        <Coords points="477,3152 477,3172 2204,3163 2207,3141 2202,3105 1955,3092 1953,3092 1897,3103 1863,3092 1861,3092 1859,3092 1857,3092 1832,3105 1828,3107 1693,3107 1691,3105 1677,3094 1675,3094 1673,3094 1671,3094 1668,3094 1628,3105 1619,3105 1599,3105 1509,3096 1507,3096 1505,3096 1502,3096 1491,3105 1484,3109 1354,3109 1350,3105 1341,3096 1339,3096 1336,3096 1334,3096 1260,3105 1224,3107 1206,3105 1168,3096 1166,3096 1164,3096 1161,3096 1152,3105 1146,3109 1108,3105 1065,3098 1063,3098 960,3105 820,3112 762,3105 735,3100 733,3100 475,3103 477,3152"/>
        <Baseline points="477,3152 2207,3141"/>
        <TextEquiv conf="0.9993208608319682">
          <Unicode>dem Rhein⸗ und Neckargebiet längſt unter fremde Herrſchaft ge⸗</Unicode>
        </TextEquiv>
      </TextLine>
      <TextLine id="eSc_line_10e25f6a" custom="structure {type:default;}">
        <Coords points="480,3222 480,3248 890,3240 890,3222 890,3186 480,3181 480,3222"/>
        <Baseline points="480,3222 890,3222"/>
        <TextEquiv conf="0.9999883908491868">
          <Unicode>kommen waren.</Unicode>
        </TextEquiv>
      </TextLine>
      <TextLine id="eSc_line_8f6fda07" custom="structure {type:default;}">
        <Coords points="619,3291 619,3311 2209,3305 2211,3284 2207,3242 2014,3231 2012,3231 1863,3242 1843,3242 1837,3242 1796,3231 1794,3231 1792,3231 1789,3231 1767,3242 1765,3244 616,3244 619,3291"/>
        <Baseline points="619,3291 2211,3284"/>
        <TextEquiv conf="0.9808734020248788">
          <Unicode>Wie bei den Städten in Gallien, ſo knüpften ſich auch hier an</Unicode>
        </TextEquiv>
      </TextLine>
      <TextLine id="eSc_line_12d8b662" custom="structure {type:default;}">
        <Coords points="475,3363 475,3394 771,3390 809,3394 847,3401 850,3401 928,3394 1034,3387 1060,3394 1072,3399 1074,3399 1076,3401 1294,3401 1294,3399 1321,3394 1388,3385 1570,3394 1606,3396 1608,3396 1637,3394 1816,3383 1834,3394 1837,3394 1839,3394 1841,3394 1980,3383 2202,3394 2207,3354 2202,3316 473,3314 475,3363"/>
        <Baseline points="475,3363 2207,3354"/>
        <TextEquiv conf="0.9949544999334548">
          <Unicode>den uralten Mittelpunkt der Gegend die Reſte des Stammesbewußt⸗</Unicode>
        </TextEquiv>
      </TextLine>
    </TextRegion>
    <TextRegion id="eSc_textblock_10f6a4dd"  custom="structure {type:text;}">
      <Coords points="1339,394 1352,394 1352,401 1336,401 1339,394"/>
    </TextRegion>
    <TextRegion id="eSc_textblock_f835ffa2"  custom="structure {type:text;}">
      <Coords points="1350,367 1352,374 1345,374 1345,367 1350,367"/>
    </TextRegion>
    <TextRegion id="eSc_dummyblock_">
      <Coords points="0,0 0,0"/>
      <TextLine id="eSc_line_25dbf6ff" custom="structure {type:default;}">
        <Coords points="1318,386 1312,413 1345,417 1352,393 1359,322 1329,319 1318,386"/>
        <Baseline points="1322,390 1354,395"/>
        <TextEquiv conf="0.9897803068161011">
          <Unicode>2</Unicode>
        </TextEquiv>
      </TextLine>
    </TextRegion>
  </Page>
</PcGts>
