2584 4036
1303 986 1410 1074 II.
829 1130 1859 1233 Das Lopodunum der Römer.
1200 1378 1511 1470 Trajanus.
477 1503 2220 1614 Jahrhundertelang ſaßen die Kelten im Rhein⸗ und Neckargebiet
612 1570 2217 1658 in nationaler Unabhängigkeit, nur beherrſcht von einheimiſchen
486 1652 2220 1722 Häuptlingen, deren einer ſeinen Sitz in der Burg auf Loupos feſter
482 1719 2218 1793 Anhöhe hatte. Endlich ſchlug für ſie die Stunde der Unterwerfung
480 1791 2220 1867 unter fremde Herrſchaft. Dies geſchah im letzten Jahrhundert vor
480 1861 2218 1946 Chriſti Geburt, als aus Germaniens unermeßlichen Wäldern zahlloſe
484 1935 2220 2018 Scharen von Sueben ſich auf den Weg machten, um am Rhein
484 2006 2218 2078 und überm Rhein ſich neue Heimatgebiete zu ſichern. Es iſt jene
484 2076 2218 2152 hochbedeutſame Völkerbewegung, welche ſich an den Namen des
484 2145 2218 2231 Arioviſt anknüpft vom Jahre 58 an. Auf Veranlaſſung des ge⸗
484 2219 2218 2298 waltigen Helden, vor welchem damals ganz Gallien zitterte, ſollen
486 2291 2216 2365 nach und nach nicht weniger als 120 000 Deutſche mit Weib und
484 2361 1875 2441 Kind in jenen Jahren den Rhein überſchritten haben.
625 2430 2220 2515 Da war es freilich ein „kritiſcher Tag erſter Ordnung“ für
484 2502 2220 2585 die Geſchichte von Weſteuropa, als in der Entſcheidungsſchlacht bei
484 2587 2222 2648 Mülhauſen der germaniſche Anſturm trotz rieſenhafter Tapferkeit
484 2645 2218 2717 dem Feldherrngenie des größten Römers, G. Julius Cäſar, und
484 2717 2220 2800 der Kriegskunſt ſeines ſtrenggeſchulten Heeres erlag. Nun war die
484 2784 2218 2870 Rheinlinie für die Römer gewonnen, die deutſche Völkerbewegung
484 2858 1588 2944 auf Jahrhunderte zum Stillſtand gebracht.
628 2928 2220 3000 Von all den Tauſenden die über den Rhein gegangen, durften
484 3000 2220 3071 nur wenige auf dem linken Rheinufer in den neugewonnenen Wohn⸗
484 3076 2220 3148 ſitzen bleiben, kleinere Volksſtämme, welche froh ſein mußten, mit
484 3157 2222 3219 dem römiſchen Sieger Frieden zu machen und unter ſeiner Hoheit
486 3213 2218 3296 mit dem Auftrage der Grenzwehr am Rhein wohnen zu dürfen.
488 3282 2218 3385 So die Triboker, welche vielleicht ſchon vor Arioviſts Volksmaſſen
