2584 4036
500 484 2236 556 Namen Lopodunum wurde der Platz zum Hauptort erkoren für
500 542 2236 625 die nach galliſcher Weiſe gebildete Civitas oder Gaugemeinde und
500 614 2238 710 zugleich zur Hauptſtation an der ſofort anzulegenden Straße. Dieſe
502 688 2238 778 hatte den Zweck, das Kaſtell an dem ſtrategiſch wichtigen Ausgang
502 755 2238 840 des Neckarthales (wo jetzt Neuenheim) nach Nordweſten mit Worms
504 829 1902 910 und Mainz, nach Südweſten mit Speier zu verbinden.
646 901 2243 977 Nun erſtand alſo an der Stelle des alten Loupodunon die
506 966 2240 1058 Römerſtadt Lopodunum, nicht eine Stadt mit den Rechtsver⸗
506 1038 2243 1127 hältniſſen der Römerſtädte in Italien, wohl aber der Vorort für
506 1114 2243 1206 den ganzen Verwaltungsbezirk auf beiden Seiten des Neckarfluſſes,
506 1186 1846 1275 im Anſchluſſe an die uralte Bedeutung des Platzes.
648 1253 2247 1336 Vom Jahre 95 an befand ſich der hochangeſehene römiſche
509 1322 2245 1417 Heerführer M. Ulpius Trajanus als kaiſerlicher Statthalter am
511 1396 2247 1486 Rheine. Er widmete in Verbindung mit kürzeren Feldzügen, welche
509 1468 2247 1565 er ſiegreich führte, ſeine Hauptſorge der Befeſtigung der Grenzver⸗
511 1540 2249 1630 hältniſſe am Oberrhein. In dieſer Thätigkeit fuhr er auch fort,
511 1609 2249 1695 nachdem er im Februar des Jahres 98 durch den Tod ſeines Adoptiv⸗
513 1683 2249 1778 vaters, des Kaiſers Nerva, römiſcher Kaiſer geworden war. Ohne
518 1751 2249 1852 Zweifel gehört in jenes denkwürdige Jahr, was uns ſpätere Ge⸗
513 1820 2252 1917 ſchichtsſchreiber berichten: Trajan habe die rechtsrheiniſchen Bezirke
513 1894 2254 1986 neu geordnet und mit allerlei Freiheiten ausgeſtattet, die Hauptorte
515 1966 2254 2058 hergeſtellt und neue Befeſtigungen angelegt. Ihm verdankte Lopo⸗
520 2044 2029 2127 dunum die Erteilung der Municipalrechte in jenem Jahre.
659 2109 2256 2190 Werden wir fehlgehen, wenn wir annehmen, daß in demſelben
522 2177 2256 2273 Jahre der Bezirk am untern Neckar ſich dem Kaiſer zu Ehren die
522 2251 2261 2336 Bezeichnung beilegen ließ, mit welcher er auf ſpätern Denkmälern
522 2320 2258 2412 öfters erſcheint: Civitas Ulpia? — Ulpius war der Familien⸗
522 2392 2258 2477 name des Trajanus. Möglich wäre immerhin, daß die Beilegung des
527 2466 2263 2549 Namens ſchon im Jahre 97 erfolgte, nachdem Trajanus vom Kaiſer
527 2533 2261 2630 Nerva adoptiert worden war. Jedenfalls iſt der dahingehende Be⸗
524 2607 2261 2701 ſchluß in Lopodunum, dem Hauptort des Bezirks, gefaßt worden,
524 2677 2263 2766 und deshalb hat unſer heutiges Ladenburg es ſich nicht nehmen
524 2744 2261 2843 laſſen, ſein achtzehnhundertjähriges Jubelgedächtnis im Jahre 1898
529 2836 1018 2919 feſtlich zu begehen.
668 2887 2265 2975 Was wiſſen wir vom römiſchen Lopodunum? Mit aller Sicher⸗
527 2961 2265 3053 heit iſt anzunehmen, daß die Stadt umfangreicher geweſen iſt als
529 3035 2265 3118 die heutige. Denn außer den Stadtteilen, die noch jetzt innerhalb
529 3103 2267 3188 der Stadtmauer beſtehen, war auch das Feld, welches ſüdlich an die
533 3179 2269 3262 Stadtmauer grenzt, bis an den Bollweg und deſſen Fortſetzung mit
533 3244 2269 3334 Häuſern bebaut, ſo daß die Straßenzüge noch heute einigermaßen
533 3327 2269 3426 erkennbar ſind. Durch die Stadt lief in gerader Richtung von Norden
1339 339 1386 430 6
