3244 4680
1113 405 1823 561 Das erſt Buͦch.
2554 462 2643 569 II
306 530 2643 709 Derhalben der hailig lerer Hieronmus / da er der Lete tochter vnterwei
309 621 2640 821 ſet / verbeüt / Es ſolle kain trunckne / oder gaile / oder geſchwaͤtzige Amme
309 715 993 816 genommen werden.
910 923 2049 1094 Von der vbꝛigen Kindthait.
603 1107 2637 1279 Ann ſie nun entwehnet oder abgelegt iſt / fahet an zereden vnnd
600 1216 2630 1365 zegehn / ſo ſoll ir kurtzweyl ſein mit gleichmaͤſſigen gſpilen / in bey
601 1302 2642 1446 weſen aintweders irer Muͦter / oder irer Amen / oder ſonſt ainer
2650 1300 2957 1391 jungen Jun⸗
2692 1268 2942 1326 Sp flawes
309 1378 2637 1528 alten erbarñ frawen / die ſolche ſpil vnd kurtzweil maͤſſige / regiere / vnnd
2654 1361 2951 1482 gkfraͤwlins.
306 1456 2637 1606 auff alle eer vnd tugendt layte. Alles maͤnlichs gſchlecht ſoll daruon ſein.
312 1534 2643 1692 Sy ſoll auch nit gwonen mit maͤnern kurtzweil zehaben / Dañ von natur
306 1619 2648 1768 bleibt vnſer lieb gar lang gegen denen / mit woͤlchen wir vnſer kindtliche
304 1700 2645 1861 zeyt vnnd frewd vertriben haben / woͤlche anmutigkait behaͤrꝛiger bleibt
304 1794 2643 1939 in aim weyb / als die do zuͦn wolluſten genaigter iſt. Man ſoll das boͤß in
301 1872 2640 2033 dem Allter / woͤlchs noch boͤß vnd guͦts nicht vnterſchaiden kan / mit nich⸗
301 1957 2640 2108 ten leren / Sondern das jung vnd zart gmuͤt / ſoll mit rechtſinnigen may⸗
301 2041 2635 2197 nungen vndterwiſen werden. Das iſt ain boͤſer verderblicher wohn / de⸗
301 2124 2624 2272 ren / die da woͤllen / das ire kinder guͦts vñ boͤß mitainander lernen ſollen/
304 2199 2640 2368 Dañ ſie ſagen / das dieſelben alſo der tugendt mehrer anhangen / vnnd die
301 2295 2640 2438 laſter deſter leichtlicher fliehen werden. Wieuil rechter vnd beſſer iſts / nit
304 2371 2630 2537 allain kain boͤſes thuͦn / ſondern auch daſſelb gantz vnd gar nicht wiſſen:
299 2451 2635 2620 Wieuil glückſeliger iſts : Wer hat nit hoͤꝛen ſagen / das wir all mit ainan⸗
301 2535 2632 2701 der / eben in der ſtund / verderbt ſein woꝛden / in woͤlcher vnſere erſten aͤl⸗
296 2628 2637 2784 tern erkaͤnt haben / was guͦt vnd boͤß war. Vnd fürwar die Vaͤtter / ſo da
299 2706 2630 2870 woͤllen das ire kinder des boͤſens nicht vnwiſſendt ſeien / dieſelbig acht ich
299 2792 2630 2953 würdig / das es ire kinder nur wol künden / damit / weñ es ſie nachmals i⸗
301 2886 2632 3029 rer vbelthat reüwen würdt / das ſie alßdann gedencken / wie ſie durch irer
301 2953 2632 3114 Vaͤtter rath vñ mainung / vbel thuͦn / gelernet haben. Sie ſoll auch zuͦ der
301 3042 2630 3195 zeit / ſo ſie noch vnwiſſendt vnd vnuerſtaͤndig iſt / vnzüchtige woꝛdt / oder
301 3130 2627 3286 vngebürliche gebaͤrd / nit lernen / dañ in mehrerm vnd verſtaͤndigerm Al⸗
299 3213 2624 3374 ter / wirt ſie ſolchem auch nachſchlahen. Es gſchicht vilen / woͤlchen das je⸗
299 3299 2624 3460 nig / ſo ſie gwohnt / offtermals vnzuͦuerſichtlich / vnd on ir wiſſen / herauß
301 3382 2630 3538 feret / Vnd ſo ſies vnterweylen mit fleiß verhalten woͤllen / bꝛicht es dan⸗
296 3459 2623 3634 nocht herauß wider iren willen / Vnd ſouil deſter mehꝛ / ſo es etwas boͤſes
304 3549 2614 3712 iſt / dañ daſſelb behelt menſchlichs gmuͤt vil laͤnger. Die aͤltern ſollen ſich
296 3630 2623 3786 huͤten / das ſie nit etwas vngebürlichs an ir / inen weder mit lachen / woꝛ⸗
2638 3642 2931 3732 Verhenckng
304 3710 2609 3881 ten / noch mit gebaͤrden gefallen laſſen / oder woͤlchs am aller ſchaͤndtlich⸗
2635 3701 2935 3786 vnd nachlaſ⸗
296 3783 2619 3958 ſten iſt / das ſies erſt darzuͦ küſſen / vnnd in die arm nemen / Dann was die
2643 3759 2934 3842 ſung der El⸗
2635 3818 2756 3892 tern.
296 3880 2623 4040 Maidtlin mainen wirdt / das den aͤltern am beſten gfalle / ſolchs würdt es
2635 3857 2931 3942 Alle ding ſol
2638 3923 2931 3997 len in den er⸗
301 3967 2601 4141 auch offtermals thuͦn woͤllen. In den erſten Jaren ſollen alle ding züchtig
2627 3966 2927 4048 ſten Jare zü⸗
2635 4024 2931 4122 chtig vñ rain
2062 4092 2325 4227 A ij
2458 4134 2619 4230 vnd
2635 4083 2748 4196 ſein.
