3348 4680
1402 377 2302 540 Von Jungkfrawen/
671 512 3038 668 vnnd rayn ſein von der ſitten wegen / woͤlche auß der ſelben kündtlichen
676 592 3030 756 gewonhait / ir erſte entwerffung oder bildung empfahen vnnd hernem⸗
676 678 3030 834 men. Ich will etliche wort Cornelii des glaubwürdigen Gſchichtſchrey
573 791 659 947 , ,
678 756 3028 912 bers / hieher ſetzen / von der art vnd natur der alten Roͤmer. Vor alten
585 912 667 1045 , ,
665 845 3038 1006 zeyten (ſagt er) ward aines yegklichen ſun / ſo ihm von ainer frummen
581 1014 663 1115 , ,
678 932 3031 1088 muͦtter geboꝛn / nicht inn der kamer ainer gedingten oder gekaufften Am⸗
573 1103 663 1212 , ,
686 1014 3024 1166 men / Sonder inn dem ſchoß / vnnd armen ſeiner aignen muͦtter auffer⸗
589 1185 667 1271 , ,
682 1092 3039 1263 zogen / Woͤlcher muͦtter hoͤchſtes lob war / das ſy ir hauß verſorget / vnnd
632 1251 663 1361 ,
682 1185 3035 1337 den kindern wartet. Man erwoͤlet aber etwann ain freündin beſtaͤn⸗
589 1349 663 1474 , ,
678 1261 3041 1419 digs alters / woͤlcher guͦten vnnd bewerten ſitten / die gantz zucht vnnd al⸗
593 1443 671 1548 , ,
686 1349 3047 1509 le kinder aines geſchlechts beuolhen ward / vor woͤlcher man nichts ſchaͤnt
604 1521 667 1618 , ,
681 1430 3059 1588 lichs / weder reden / noch thuͦn dorfft. Die ſelbig regiert nicht allain die
600 1595 671 1712 , ,
690 1517 3039 1688 leernung vnnd ſitten der kinder / ſonder auch all ihre ſpill vnnd kurtzweil/
600 1692 675 1801 , ,
694 1602 3047 1755 mit ainer ſondern frumbkait vnnd züchtigkait. Alſo leſen wir das Coꝛ⸗
604 1774 678 1879 , ,
694 1680 3047 1844 nelia die muͦtter der Gracchen / Aurelia die muͦtter Ceſaris / Actia die muͦ
600 1864 678 1957 , ,
698 1770 3055 1934 ter Auguſti des Kayſers / irer obgenannten kinder aufferziehung ſelbſt ge
608 1957 682 2043 , ,
694 1852 3055 2012 pflegt / vnnd Fürſtliche kinder gezogen haben. Woͤlche zucht vnd ernſt⸗
604 2043 682 2137 , ,
702 1934 3056 2095 lichhait / dahin tauglich war / das aines yegklichen natur / lauter vnnd
704 2025 3061 2189 gantz / auch mit kainer boͤßliſtigkait verſeeret / die eerlichen kunſt / von ſtun⸗
612 2102 686 2215 , ,
707 2106 3059 2267 dan mit gantzem hertzen anneme. Alſo redt Tacitus daruon. Auß woͤl
702 2199 3059 2345 chem man leychtlich ſihet / mit was weiß / vnnd geſchickligkait die alten/
707 2269 3077 2438 zuͦ ainer ſollichen ſcheinbarkait der tugendt / woͤlche wir auch yetzt nicht an
712 2358 3074 2529 ſehen künnen / kommen ſeynd / Vnd diß ſagt er von den maͤnnern. Was
715 2449 3077 2613 mainen wir dann das für ain fleyß mit weyblichem geſchlecht fürgewen⸗
394 2570 710 2691 Schimpflich
717 2515 3070 2683 det worden ſey: Derhalben ſoll alles das der rechten vnderweyſung
400 2678 658 2787 kurzweyl.
725 2613 3080 2776 ſchedlich ſein mag / bey ſollicher Schimpfflcher kurtzweyl (woͤlcher dann
720 2688 3087 2873 diß alter bedarff / nicht ſein / das nichts ſchandtpars in die gmuͤter hinein
723 2782 3082 2948 ſchleych / damit ſy auch nit etwann mit ainem wolgefallen oder liebe der
725 2862 3074 3042 geſchwaͤtzigkait befleckt werde / Sondern das ſy auch dennzuͦmal / gleich
725 2938 3093 3122 als durch ain ſchimpffſpil betrachte / was ihr nachmals nutzlich ſein würt.
733 3031 3087 3200 Sy ſoll ir kurtzweil mit züchtigen fabeln haben / die docken ſollen hindan
730 3114 3074 3294 gethon werden / woͤlche da ſchier ain ebenbild des Haidniſchen Goͤtzen⸗
733 3195 3082 3374 dienſts ſeynd Darzuͦ leeren vnnd erwecken ſy nur ain begyrd zuͦm ge⸗
736 3278 3090 3463 ſchmuck vnnd auffmutzen. Das gerümpel gfellt mir baß / da ain gan⸗
738 3372 3098 3543 tzer haußradt inn bley oder zyn abgoſſen iſt / woͤlches dinglins man allhie
741 3458 3106 3632 im Niderlandt vil hat. Diß iſt aim kind ain kurtzweyligs ſpil / vnnd lernet
744 3546 3090 3712 vnder denen weylen nichts deſter minder ains yegklichen namen vnnd
749 3621 3095 3809 brauch / wiewol es auff daſſelb nicht merckt / vnnd mit andern dingen
754 3777 1113 3910 vmbgeht.
2916 3868 3113 3998 Von
612 2191 686 2336 , ,
