3136 4560
309 443 2565 732 Der Durchlenchtige Hochgebor⸗
357 648 2522 874 nen Fürſtin vnd Frawen / Frawen Jacoba, Pfaltz⸗
575 770 2304 947 greffin bey Rhein / Hertzogin inn Obern vnnd ni⸗
689 866 2187 1031 dern Bayern / Geboꝛnen Margkgreffin zuͦ Ba⸗
889 952 2023 1107 den ꝛc. Meiner Gnedigen Frawen.
1072 1117 2575 1342 Vrchleüchtige / Hochgeborne Fürſtin
1069 1281 2575 1441 vnd Fraw / E. F. G. vnderthenigſten dienſt
1059 1365 2570 1520 zuͦerzaygen / waͤr ich allzeyt zum hoͤchſten ge⸗
1062 1446 2570 1590 fliſſen vnnd beraydt / Gnedige Fraw / wiewol
1062 1525 2570 1677 E. F. G. ich diſer zeyt vnbekannt / darzuͦ gegen
1062 1611 2563 1758 der ſelben gantz vnuerdient bin / vnd auch di⸗
1057 1687 2563 1841 ſer vrſach halb / ſollichs ſchreiben an E. F. G.
1052 1775 2557 1927 mir verargt vnd vbel außgelegt werden moͤch⸗
261 1834 2555 2001 te. So hatt mich doch die hoͤchſt ſcheinbarkait / der Fürſtlichen hoch⸗
258 1925 2547 2092 loͤblichſten tugenden / damit Gott der Almechtig / E. F. G. ſonderlich/
256 1998 2550 2173 zuͦ dem aller reichlichſten begaabet vnd gekroͤnet / bewegt / der ſelbenn
253 2084 2547 2247 E. F. G. zuͦ lob vnnd preyß / auch etwas an den tag zuͦthuͦn. Nitt der
250 2176 2537 2328 mainung / das E. F. G. hoͤchſts lob / ſo on allen falſch vnd widerred/
253 2259 2540 2421 nitt allain bey derſelben vndterthonen / ſondern auch bey eüſſern voͤl⸗
248 2333 2535 2492 ckern / inn groſſer Reuerentz / ſeer beruͤmpt iſt / durch mein vnberedt⸗
245 2416 2530 2578 hayt / geneüweret vnd erweyttert werden kundt oder moͤchte / Son⸗
245 2497 2535 2670 dern das E. F. G. ich / menigklich / als ain lebendigs ebenbild vnſerer
245 2584 2525 2751 zeyt / in allerlay art der hoͤchſten tugenden / fürbildete. Vngezweyfleter
240 2665 2527 2827 hoffnung / E. F. G. wurde ſollichs inn Gnaden geſchehen laſſen. Dañ
238 2753 2522 2913 wir werden im lob der tugenden / durch fürgeſetzte / fürnemlich hohe
233 2834 2517 2999 vnnd lebendige beyſpil / am aller maiſten bewegt. (Wie auch Sant
238 2908 2512 3083 Hieronymus maint / da er wider Jouinianum diſputieret) Dardurch
233 2994 2507 3156 die frummen / ain hertzliche innbrünſtigkayt vnnd begirde vberkom⸗
230 3080 2509 3245 men / noch mehr / dem jenigen / das recht / guͦtt / vnd eerlich wer nach⸗
228 3161 2504 3326 zuͦfolgen / ſeyttenmal ihnen ain ſollichs haupt / in dem ſelben allem voꝛ⸗
228 3247 2494 3414 gehet. Die boͤſen aber / ſich inn ihrem hertzen ſchemen muͤſſen / das ſy
225 3344 2499 3490 vnder ainem ſolchen hochwürdigen haupt leben / vnd demſelben we⸗
220 3409 2497 3564 der in erbarkait / noch in Gotsforcht / nachfolgen / vnd derhalben nach⸗
220 3506 2492 3658 mals zuͦ ainer billichen rew irer vppigkait / ſampt ainem fürſatz aines beſ⸗
220 3584 2494 3731 ſern lebens / getriben werden muͤſſen / es ſey dann bey ihnen alle guͦtte hof⸗
212 3663 2493 3830 nung verloꝛen. So hat nun der treflich glert mann Joannes Lodouicus
212 3735 2485 3925 Viues von Valentz auß Spanien / vor etlicher zeyt / drey buͤcher von vn⸗
2493 3743 2774 3834 diſer viues
2493 3803 2786 3929 hat zuͦ Bruk
1908 3876 2166 4001 aa ij
2330 3895 2482 4020 der⸗
