3136 4560
300 539 2630 790 Von vndterweiſung ainer Chꝛiſtli/
1001 871 1941 995 iſt / von den Jungkfrawen.
552 1031 2395 1198 Von der aufferziehung ainer Jungkfrawen/
1024 1165 1934 1284 So ſie noch nit reden kan.
1163 3062 2666 3214 Er hochgelert mañ Fabius Quinti⸗
1181 3184 2674 3300 lianus / da er leret vo der kunſt des wolredens/
1189 3268 2687 3382 Achtet / das alßbald von kindsweſen auff / da⸗
1173 3356 2689 3468 rinn anzefahen ſey: Dann er mainet / das kain
1193 3446 2687 3556 zeyt hingehen ſolt / woͤlche nit zum endt der für⸗
1206 3523 2687 3642 geſetzten kunſt gebꝛaucht wurde. Wieuil ain
1206 3610 2679 3724 groͤſſerer fleyß ſoll nun mit ainer Chꝛiſtlichen
1166 3689 2687 3811 Jungkfrauwen fürgenomen werden / das wir
354 3782 2677 3893 nit allein ir auffnemen anrichten vnnd oꝛdnen / Sondern auch den erſten
2706 3803 3002 3902 Narung von
349 3876 2691 3986 anfang von der milch ſelbſt / woͤlche ich wolt / ſo ferꝛes müglich / das ſie
2706 3883 3006 3959 der mutterli⸗
2710 3936 2976 4039 chen milch.
364 3948 2683 4050 von irer rechten muͦtter were / vnd diß haben auch gerathen Plutarchus
365 4033 2687 4174 Phauorinus / vnd ander trefflich gelert leüt. Dann alſo wirt die lieb ge⸗
2071 4114 2154 4215 A
2355 4126 2484 4235 gen
562 741 2349 904 chen Frawen / Das erſt Buͦch / woͤlchs da
