<?xml version="1.0" encoding="UTF-8"  standalone="yes"?>
<PcGts xmlns="http://schema.primaresearch.org/PAGE/gts/pagecontent/2019-07-15" xmlns:xsi="http://www.w3.org/2001/XMLSchema-instance" xsi:schemaLocation="http://schema.primaresearch.org/PAGE/gts/pagecontent/2019-07-15 http://schema.primaresearch.org/PAGE/gts/pagecontent/2019-07-15/pagecontent.xsd">
  <Metadata externalRef="https://digi.bib.uni-mannheim.de/fileadmin/digi/1807526488/default/1807526488_0012.jpg">
	<Creator>escriptorium</Creator>
	<Created>2022-07-01T21:18:03.808589+00:00</Created>
        <LastChange>2022-07-01T21:18:03.808603+00:00</LastChange>
  </Metadata>
  <Page imageFilename="1807526488_0012.jpg" imageWidth="3136" imageHeight="4560">
    <TextRegion id="eSc_textblock_084e801b"  >
      <Coords points="2448,767 2405,818 2507,841 2530,881 2831,881 2872,841 2874,881 2983,922 3004,1710 2973,1953 3004,2186 2973,2895 3014,2986 2983,3029 2994,3240 2933,3412 2367,3382 2101,3422 1173,3422 679,3412 699,3394 638,3382 628,3040 679,2591 638,2067 689,1750 659,1368 719,912 861,871 1498,858 1434,737 1102,727 1049,656 770,635 760,597 811,577 750,544 750,476 922,445 2740,456 2892,496 2912,615 2862,686 2661,696 2448,767"/>
      <TextLine id="eSc_line_5872f233" >
        <Coords points="2869,491 2859,488 2781,488 2781,486 2717,458 2715,458 2712,458 2710,458 2707,458 2669,486 2666,488 2514,488 2512,486 2418,458 2416,458 2413,458 2410,458 2362,483 2175,461 2172,461 2170,461 2121,486 2119,488 2066,488 2063,486 2020,463 2017,463 2015,463 2012,463 1952,478 1891,456 1888,456 1663,456 1660,456 1569,476 1465,456 1462,456 1460,456 1404,483 1346,483 1300,483 1298,483 1214,456 1211,456 1209,456 1206,456 1135,478 1092,456 1090,456 1021,456 1019,456 811,481 790,562 770,554 768,564 765,613 1034,615 1036,615 1039,615 1041,615 1130,587 1282,600 1285,600 1287,600 1333,587 1619,587 1830,610 1832,610 1939,590 1987,610 1990,610 1992,610 1995,610 2063,590 2106,605 2109,605 2111,605 2114,605 2134,595 2157,613 2159,613 2162,613 2165,613 2370,590 2494,618 2497,618 2499,620 2879,620 2882,567 2879,491 2869,491"/>
        <Baseline points="768,564 1688,554 2882,567"/>
        <TextEquiv>
          <Unicode>Die Titel des andern Buͦchs / von der vnderweyſung</Unicode>
        </TextEquiv>
      </TextLine>
      <TextLine id="eSc_line_1a8c65d0" >
        <Coords points="1085,651 1082,686 1196,709 1199,709 1305,694 1389,704 1391,704 1579,696 1741,689 1754,699 1756,701 1759,701 1761,701 1764,701 1779,699 1825,689 1840,701 1843,704 1845,704 1848,704 1850,704 1903,701 2066,691 2083,704 2091,711 2094,711 2096,711 2099,714 2352,714 2352,711 2355,711 2357,711 2360,709 2380,694 2416,709 2421,711 2423,711 2426,714 2570,714 2573,656 2570,597 2334,577 2332,577 2329,577 2327,577 2299,595 2296,595 2215,580 2213,580 2210,580 2165,595 2147,580 2147,577 2144,577 2142,577 2053,577 2050,577 2048,577 2005,595 2002,597 1832,597 1822,595 1751,575 1749,575 1746,575 1744,575 1675,592 1673,595 1617,595 1617,592 1597,577 1597,575 1594,575 1592,575 1589,575 1085,590 1085,651"/>
        <Baseline points="1085,651 2573,656"/>
        <TextEquiv>
          <Unicode>ainer Chriſtlichen frawen / woͤlchs da iſt / von</Unicode>
        </TextEquiv>
      </TextLine>
      <TextLine id="eSc_line_b02cb6fe" >
        <Coords points="1488,732 1485,772 1548,795 1551,795 1554,795 1556,795 1607,777 1675,777 1711,800 1713,800 1716,800 1718,800 2121,787 2124,739 2121,689 1863,686 1855,681 1835,668 1832,668 1830,668 1827,668 1825,668 1789,678 1774,684 1751,678 1698,666 1696,666 1647,676 1619,681 1488,673 1488,732"/>
        <Baseline points="1488,732 2124,739"/>
        <TextEquiv>
          <Unicode>den Ehefrauwen.</Unicode>
        </TextEquiv>
      </TextLine>
      <TextLine id="eSc_line_95eeb88a" >
        <Coords points="1485,858 1460,858 1450,858 1442,861 1432,858 1409,858 1384,858 1358,861 1341,861 1298,879 1267,891 783,891 775,894 750,901 732,906 727,970 725,990 1024,998 1052,1015 1054,1015 1057,1015 1059,1015 1062,1015 1102,1003 1133,1018 1135,1018 1138,1018 1140,1018 1176,1000 1259,1008 1262,1008 1265,1008 1295,998 1303,995 1318,998 1457,1023 1460,1023 1574,1003 1675,1023 1678,1026 1952,1026 1952,1023 1954,1023 1995,1003 2005,1000 2294,1000 2299,1008 2317,1020 2317,1023 2319,1023 2322,1023 2324,1023 2502,1008 2504,972 2499,853 2395,871 2372,856 2362,846 2360,846 2357,846 2301,846 2299,846 2296,846 2294,846 2276,856 2261,866 2230,858 2182,846 2180,846 2177,846 2017,863 2000,863 1990,863 1865,846 1863,846 1860,846 1810,866 1761,889 1731,868 1706,851 1703,851 1701,851 1574,846 1571,846 1569,846 1528,866 1498,846 1495,846 1493,846 1490,846 1488,846 1485,858"/>
        <Baseline points="727,970 2504,972"/>
        <TextEquiv>
          <Unicode>I Was aine betrachten ſoll / die ain mann nimpt.</Unicode>
        </TextEquiv>
      </TextLine>
      <TextLine id="eSc_line_b3257f80" >
        <Coords points="2958,912 2933,904 2907,894 2885,884 2806,912 2806,977 2803,995 2895,1026 2897,1026 2900,1026 2978,1015 2981,982 2981,917 2971,914 2958,912"/>
        <Baseline points="2806,977 2981,982"/>
        <TextEquiv>
          <Unicode>lvi.</Unicode>
        </TextEquiv>
      </TextLine>
      <TextLine id="eSc_line_cb943018" >
        <Coords points="2768,1137 2765,1165 2852,1193 2854,1193 2857,1193 2978,1180 2981,1140 2981,1053 2768,1051 2768,1137"/>
        <Baseline points="2768,1137 2981,1140"/>
        <TextEquiv>
          <Unicode>lviij.</Unicode>
        </TextEquiv>
      </TextLine>
      <TextLine id="eSc_line_9c5d6cb0" >
        <Coords points="692,1281 694,1335 727,1327 740,1337 752,1345 755,1345 758,1345 760,1345 763,1345 765,1345 778,1337 803,1322 1064,1322 1095,1340 1102,1345 1105,1345 1107,1345 1110,1345 1112,1345 1115,1345 1120,1340 1138,1324 1308,1324 1323,1337 1325,1337 1328,1337 1330,1337 1470,1324 1526,1342 1531,1345 1533,1345 1536,1345 1548,1345 1650,1324 1703,1345 1706,1345 1708,1345 1711,1345 1756,1327 1797,1342 1799,1342 1802,1342 1805,1342 1855,1327 1921,1347 1931,1350 1934,1350 2606,1352 2611,1292 2611,1223 2180,1223 2162,1218 2109,1208 2106,1208 2053,1218 2005,1226 1947,1216 1888,1208 1886,1208 1883,1208 1881,1208 1870,1216 1858,1226 1376,1226 1318,1210 1295,1208 1292,1208 1270,1210 1206,1223 1150,1210 1118,1203 1115,1203 1064,1210 1021,1216 978,1208 940,1203 938,1203 935,1203 932,1203 927,1208 910,1223 826,1223 790,1208 778,1203 775,1203 773,1203 692,1205 692,1281"/>
        <Baseline points="692,1281 2611,1292"/>
        <TextEquiv>
          <Unicode>III Wie ſich ain fraw / gegen irem haußwürt halten ſoll.</Unicode>
        </TextEquiv>
      </TextLine>
      <TextLine id="eSc_line_3d44d20d" >
        <Coords points="2839,1302 2839,1352 2976,1355 2978,1302 2976,1216 2839,1221 2839,1302"/>
        <Baseline points="2839,1302 2978,1302"/>
        <TextEquiv>
          <Unicode>lxj.</Unicode>
        </TextEquiv>
      </TextLine>
      <TextLine id="eSc_line_d1150006" >
        <Coords points="674,1436 671,1469 735,1497 737,1497 740,1497 742,1497 788,1471 796,1469 1006,1469 1041,1479 1062,1484 1064,1484 1067,1484 1069,1484 1072,1484 1077,1479 1090,1469 1130,1482 1133,1482 1135,1482 1138,1482 1140,1482 1173,1469 1204,1484 1242,1502 1244,1502 1247,1504 1559,1504 1559,1502 1561,1502 1564,1502 1564,1499 1569,1497 1576,1489 1799,1502 1805,1441 1802,1368 1574,1355 1571,1355 1384,1362 1381,1362 1379,1362 1356,1378 1282,1362 1247,1355 1244,1355 1242,1355 1239,1355 1232,1360 1209,1375 1082,1362 1079,1362 1016,1375 996,1360 991,1355 988,1355 986,1355 983,1355 981,1355 968,1360 925,1378 816,1378 674,1357 674,1436"/>
        <Baseline points="674,1436 1805,1441"/>
        <TextEquiv>
          <Unicode>IIII Von der Eeleüt ainigkayt.</Unicode>
        </TextEquiv>
      </TextLine>
      <TextLine id="eSc_line_f6514dae" >
        <Coords points="2753,1456 2753,1499 2788,1499 2791,1499 2811,1517 2811,1520 2814,1520 2816,1520 2819,1520 2971,1509 2971,1456 2971,1385 2862,1365 2859,1365 2753,1383 2753,1456"/>
        <Baseline points="2753,1456 2971,1456"/>
        <TextEquiv>
          <Unicode>lxxiij.</Unicode>
        </TextEquiv>
      </TextLine>
      <TextLine id="eSc_line_e3971357" >
        <Coords points="699,1598 699,1666 902,1644 981,1666 1003,1672 1006,1672 1008,1674 1227,1674 1227,1672 1229,1672 1252,1664 1267,1659 1287,1664 1341,1674 1343,1674 1346,1674 1389,1661 1404,1659 1429,1661 1508,1674 1510,1674 1574,1661 1642,1646 1746,1646 1802,1659 1878,1677 1881,1677 1883,1677 1916,1659 1936,1649 2096,1649 2139,1656 2228,1674 2230,1674 2345,1664 2403,1679 2405,1679 2408,1682 2707,1682 2707,1679 2710,1679 2788,1651 2791,1651 2968,1651 2971,1608 2971,1525 2872,1525 2869,1525 2867,1525 2864,1525 2839,1542 2712,1527 2710,1527 2707,1527 2705,1527 2684,1540 2644,1527 2641,1527 2639,1527 2636,1527 2603,1542 2329,1542 2301,1525 2299,1522 2296,1522 2294,1522 2291,1522 2271,1525 2210,1537 2187,1525 2185,1522 2182,1522 2180,1522 2177,1522 2175,1522 2167,1525 2134,1540 2096,1525 2086,1522 2083,1522 2002,1522 2000,1522 1997,1522 1990,1525 1962,1540 1906,1525 1898,1525 1896,1525 1893,1525 1891,1525 1888,1525 1858,1540 1754,1540 1718,1527 1698,1520 1696,1520 1693,1520 1635,1527 1546,1537 1521,1527 1503,1520 1500,1520 1498,1520 1455,1527 1396,1537 1280,1535 1267,1527 1247,1517 1244,1517 1242,1517 1188,1527 1150,1535 1090,1527 1001,1517 998,1517 943,1527 905,1537 839,1537 826,1527 811,1517 808,1517 806,1517 803,1517 699,1527 699,1598"/>
        <Baseline points="699,1598 2971,1608"/>
        <TextEquiv>
          <Unicode>V Wie ſie ſich inn ſonderhait / vnd allain mit irem mann halten ſoll</Unicode>
        </TextEquiv>
      </TextLine>
      <TextLine id="eSc_line_e4da74fa" >
        <Coords points="2788,1702 2788,1730 2963,1727 2963,1697 2958,1636 2783,1636 2788,1702"/>
        <Baseline points="2788,1702 2963,1697"/>
        <TextEquiv>
          <Unicode>lxxx.</Unicode>
        </TextEquiv>
      </TextLine>
      <TextLine id="eSc_line_ae45c6d3" >
        <Coords points="687,1760 687,1841 684,1862 765,1879 768,1879 907,1867 932,1884 935,1884 938,1884 940,1887 1092,1887 1092,1884 1095,1884 1140,1869 1183,1884 1186,1884 1188,1887 1333,1887 1333,1884 1336,1884 1338,1884 1353,1869 1356,1844 1353,1788 1183,1758 1181,1758 1079,1773 1016,1783 983,1768 958,1758 955,1758 953,1758 950,1758 932,1765 894,1788 826,1788 788,1760 788,1758 785,1758 783,1758 687,1755 687,1760"/>
        <Baseline points="687,1841 1356,1844"/>
        <TextEquiv>
          <Unicode>VI Vom Eyfer.</Unicode>
        </TextEquiv>
      </TextLine>
      <TextLine id="eSc_line_dfa2e742" >
        <Coords points="2710,1854 2710,1882 2961,1892 2963,1854 2963,1791 2923,1775 2920,1775 2917,1775 2844,1783 2783,1791 2710,1775 2710,1854"/>
        <Baseline points="2710,1854 2963,1854"/>
        <TextEquiv>
          <Unicode>lxxxiij.</Unicode>
        </TextEquiv>
      </TextLine>
      <TextLine id="eSc_line_4257e19e" >
        <Coords points="674,2003 674,2029 763,2029 801,2046 803,2046 806,2046 808,2046 811,2046 834,2026 836,2026 920,2026 922,2026 945,2041 948,2041 950,2041 953,2041 955,2041 991,2026 1077,2046 1079,2046 1384,2029 1455,2044 1457,2044 1460,2044 1462,2044 1490,2021 1490,1998 1485,1912 1330,1905 1328,1905 1325,1905 1310,1912 1270,1935 1221,1912 1214,1910 1211,1910 1209,1910 1206,1910 1204,1910 1204,1912 1201,1912 1176,1938 1077,1938 671,1917 674,2003"/>
        <Baseline points="674,2003 1490,1998"/>
        <TextEquiv>
          <Unicode>VII Vom geſchmuck.</Unicode>
        </TextEquiv>
      </TextLine>
      <TextLine id="eSc_line_3d3befb1" >
        <Coords points="2727,2021 2727,2039 2783,2057 2786,2057 2788,2057 2963,2046 2963,2014 2958,1955 2854,1955 2803,1932 2801,1932 2798,1932 2796,1932 2722,1958 2727,2021"/>
        <Baseline points="2727,2021 2963,2014"/>
        <TextEquiv>
          <Unicode>lxxxv.</Unicode>
        </TextEquiv>
      </TextLine>
      <TextLine id="eSc_line_0261a88d" >
        <Coords points="654,2158 651,2183 785,2201 788,2201 790,2201 831,2188 869,2188 1115,2188 1140,2191 1249,2204 1252,2204 1414,2193 1472,2191 1508,2196 1592,2206 1594,2206 1845,2198 2040,2193 2109,2201 2144,2206 2147,2206 2185,2204 2251,2196 2268,2204 2279,2209 2281,2209 2284,2209 2350,2206 2486,2196 2522,2206 2537,2211 2540,2211 2542,2214 2715,2214 2715,2211 2717,2211 2720,2211 2722,2209 2740,2198 2831,2211 2844,2211 2846,2211 2849,2211 2852,2211 2877,2198 2966,2211 2971,2171 2971,2054 2816,2052 2814,2052 2811,2052 2803,2054 2730,2092 2466,2092 2405,2059 2403,2059 2403,2057 2327,2049 2324,2049 2203,2059 2192,2059 2177,2059 1805,2046 1802,2046 1799,2046 1797,2046 1772,2064 1728,2087 1394,2087 1374,2072 1371,2072 1368,2072 1366,2072 1363,2072 1336,2087 1138,2087 1118,2072 1115,2072 1112,2072 1110,2072 998,2082 963,2069 943,2064 940,2064 938,2064 899,2072 882,2074 874,2072 806,2041 803,2041 801,2041 798,2041 704,2072 689,2077 654,2074 654,2158"/>
        <Baseline points="654,2158 2971,2171"/>
        <TextEquiv>
          <Unicode>VIII Wie ſich ain fraw außgeens halb / vnnd bey den leütten / halten</Unicode>
        </TextEquiv>
      </TextLine>
      <TextLine id="eSc_line_6d966e37" >
        <Coords points="1049,2249 1049,2287 1206,2267 1206,2247 1201,2183 1047,2178 1049,2249"/>
        <Baseline points="1049,2249 1206,2247"/>
        <TextEquiv>
          <Unicode>ſoll.</Unicode>
        </TextEquiv>
      </TextLine>
      <TextLine id="eSc_line_86e2d3e4" >
        <Coords points="2705,2264 2705,2290 2816,2302 2834,2320 2836,2320 2839,2320 2841,2320 2953,2315 2953,2257 2945,2188 2699,2193 2705,2264"/>
        <Baseline points="2705,2264 2953,2257"/>
        <TextEquiv>
          <Unicode>lxxxix.</Unicode>
        </TextEquiv>
      </TextLine>
      <TextLine id="eSc_line_07f5acad" >
        <Coords points="676,2409 676,2457 1120,2452 1125,2454 1138,2467 1140,2467 1143,2467 1145,2470 1224,2470 1224,2467 1308,2454 1346,2449 1424,2454 1597,2464 1599,2464 1602,2464 1604,2464 1619,2452 1622,2449 1630,2452 1663,2464 1665,2464 1668,2467 1865,2467 1865,2464 1941,2449 1941,2404 1936,2320 1827,2315 1825,2315 1822,2315 1820,2315 1815,2320 1784,2340 1663,2328 1660,2328 1657,2328 1614,2340 1592,2320 1589,2320 1587,2320 1584,2320 1581,2320 1579,2320 1548,2343 1508,2343 1480,2323 1478,2323 1475,2323 1472,2323 1470,2323 1419,2340 1396,2320 1394,2318 1391,2318 1389,2318 1386,2318 1384,2318 1381,2318 1381,2320 1379,2320 1361,2338 1305,2325 1303,2325 1300,2325 1298,2325 1282,2338 1262,2323 1259,2323 1257,2323 1229,2320 1128,2318 1125,2318 1123,2318 1115,2320 1069,2343 1026,2320 1019,2318 1016,2318 935,2318 932,2318 930,2318 927,2318 927,2320 925,2320 902,2343 674,2323 676,2409"/>
        <Baseline points="676,2409 1941,2404"/>
        <TextEquiv>
          <Unicode>IX Wie ſie ſich dahaim halten ſoll.</Unicode>
        </TextEquiv>
      </TextLine>
      <TextLine id="eSc_line_67a09f6a" >
        <Coords points="2768,2419 2768,2459 2801,2475 2803,2475 2806,2475 2963,2459 2963,2419 2963,2353 2877,2338 2874,2338 2872,2338 2869,2338 2841,2356 2841,2358 2768,2358 2768,2419"/>
        <Baseline points="2768,2419 2963,2419"/>
        <TextEquiv>
          <Unicode>xciiij</Unicode>
        </TextEquiv>
      </TextLine>
      <TextLine id="eSc_line_5be7e26d" >
        <Coords points="702,2566 702,2599 1531,2594 1536,2596 1556,2609 1559,2609 1561,2609 1564,2609 1708,2596 1761,2609 1764,2609 1767,2609 1853,2594 1858,2594 1883,2609 1886,2609 1888,2609 1891,2609 2015,2594 2017,2594 2043,2609 2045,2609 2048,2609 2050,2611 2307,2611 2307,2609 2309,2609 2342,2591 2345,2571 2342,2470 2056,2470 2053,2470 2050,2470 2045,2470 1962,2502 1830,2487 1827,2487 1690,2502 1505,2480 1503,2480 1381,2500 1308,2477 1277,2467 1275,2467 1272,2467 1270,2467 1244,2477 1186,2500 1123,2487 1120,2487 1014,2497 945,2480 935,2477 932,2477 930,2477 927,2477 925,2477 922,2480 892,2502 806,2502 788,2485 788,2482 785,2482 783,2482 702,2482 702,2566"/>
        <Baseline points="702,2566 2345,2571"/>
        <TextEquiv>
          <Unicode>X Von den kindern / vnd derſelben verſoꝛgung.</Unicode>
        </TextEquiv>
      </TextLine>
      <TextLine id="eSc_line_553709f1" >
        <Coords points="2770,2581 2770,2604 2958,2606 2961,2576 2956,2525 2862,2505 2859,2505 2857,2505 2768,2528 2770,2581"/>
        <Baseline points="2770,2581 2961,2576"/>
        <TextEquiv>
          <Unicode>xcix.</Unicode>
        </TextEquiv>
      </TextLine>
      <TextLine id="eSc_line_3b348ae4" >
        <Coords points="666,2680 669,2730 669,2761 1341,2753 1379,2763 1399,2768 1401,2768 1404,2768 1450,2763 1505,2756 1576,2763 1632,2768 1635,2768 1741,2763 1969,2751 2056,2763 2076,2766 2078,2768 2494,2768 2494,2766 2507,2763 2573,2751 2608,2763 2613,2766 2616,2766 2618,2766 2961,2763 2963,2725 2961,2629 2877,2604 2874,2604 2872,2604 2760,2627 2679,2599 2677,2599 2674,2599 2565,2616 2481,2604 2479,2604 2476,2604 2413,2622 2279,2599 2276,2599 2142,2627 2030,2606 2028,2606 1926,2627 1817,2599 1815,2599 1812,2599 1721,2604 1718,2604 1650,2632 1559,2632 1500,2601 1498,2601 1194,2601 1191,2601 1188,2601 1110,2632 889,2632 856,2609 854,2609 851,2609 783,2604 780,2604 778,2604 669,2632 666,2680"/>
        <Baseline points="669,2730 2963,2725"/>
        <TextEquiv>
          <Unicode>XI Von denen / die zum andern mal vermaͤhlet / vnnd Stieffmuͤt⸗</Unicode>
        </TextEquiv>
      </TextLine>
      <TextLine id="eSc_line_c73d246c" >
        <Coords points="1057,2812 1057,2832 1178,2847 1181,2847 1432,2832 1432,2806 1427,2751 1242,2733 1239,2733 1237,2733 1234,2733 1216,2748 1181,2736 1178,2736 1176,2736 1054,2753 1057,2812"/>
        <Baseline points="1057,2812 1432,2806"/>
        <TextEquiv>
          <Unicode>tern ſeind.</Unicode>
        </TextEquiv>
      </TextLine>
      <TextLine id="eSc_line_4329bf7c" >
        <Coords points="2750,2817 2750,2847 2831,2872 2834,2872 2836,2875 2956,2875 2956,2817 2953,2758 2750,2761 2750,2817"/>
        <Baseline points="2750,2817 2956,2817"/>
        <TextEquiv>
          <Unicode>cviij.</Unicode>
        </TextEquiv>
      </TextLine>
      <TextLine id="eSc_line_0c8c3187" >
        <Coords points="2847,2967 2847,3024 2964,3047 2968,2967 2968,2895 2847,2888 2847,2967"/>
        <Baseline points="2849,2969 2971,2969"/>
        <TextEquiv>
          <Unicode>cx.</Unicode>
        </TextEquiv>
      </TextLine>
      <TextLine id="eSc_line_520dc6ce" >
        <Coords points="657,2967 657,3005 710,3028 714,3028 718,3028 809,3009 813,3009 1140,3009 1147,3013 1163,3028 1166,3028 1170,3028 1174,3028 1376,3017 1486,3009 1520,3017 1558,3028 1562,3028 1566,3028 1623,3021 1661,3013 1695,3021 1756,3032 1759,3036 2824,3036 2824,2967 2820,2876 657,2888 657,2967"/>
        <Baseline points="661,2971 2827,2969"/>
        <TextEquiv>
          <Unicode>XII Wie ſie ſich mit den bluͦtfreünden vnd ſchwaͤgern halten ſoll.</Unicode>
        </TextEquiv>
      </TextLine>
      <TextLine id="eSc_line_7438855f" >
        <Coords points="641,3133 641,3154 709,3176 712,3176 714,3176 821,3156 823,3156 981,3174 983,3174 986,3174 1054,3156 1057,3156 1059,3156 1085,3169 1087,3169 1090,3169 1092,3169 1095,3169 1112,3156 1118,3154 1156,3156 1252,3166 1254,3166 1257,3166 1259,3166 1272,3156 1280,3154 1328,3159 1427,3166 1429,3166 1432,3166 1447,3159 1457,3154 1472,3159 1521,3174 1523,3174 1526,3174 1734,3159 1827,3154 1908,3161 2033,3171 2035,3171 2091,3161 2157,3148 2236,3161 2281,3169 2284,3171 2471,3171 2471,3169 2474,3169 2497,3164 2532,3154 2966,3164 2968,3121 2958,3047 2923,3062 2154,3062 2083,3050 2056,3045 2053,3045 2050,3045 2048,3045 2043,3050 2020,3067 1739,3067 1678,3050 1650,3045 1647,3045 1614,3050 1533,3067 1493,3052 1488,3050 1485,3050 1483,3050 1480,3050 1472,3052 1409,3067 1356,3052 1341,3047 1338,3047 1336,3047 963,3050 945,3052 884,3067 846,3052 836,3050 834,3050 831,3050 638,3052 641,3133"/>
        <Baseline points="641,3133 2968,3121"/>
        <TextEquiv>
          <Unicode>XIII Wie ſie ſich mit ainem Son / oder ainer tochter / ſo da verheyrat</Unicode>
        </TextEquiv>
      </TextLine>
      <TextLine id="eSc_line_762a56e6" >
        <Coords points="980,3150 980,3211 980,3252 2835,3252 2835,3211 2831,3199 2812,3150"/>
        <Baseline points="981,3214 2837,3214"/>
        <TextEquiv>
          <Unicode>iſt / mit aine tochtermañ oder ainer ſonsfrawen halten ſoll.</Unicode>
        </TextEquiv>
      </TextLine>
      <TextLine id="eSc_line_e0c3f850" >
        <Coords points="2835,3211 2835,3256 2957,3249 2957,3211 2957,3161 2854,3161 2835,3207"/>
        <Baseline points="2838,3214 2958,3214"/>
        <TextEquiv>
          <Unicode>cxj.</Unicode>
        </TextEquiv>
      </TextLine>
      <TextLine id="eSc_line_a6e1409a" >
        <Coords points="2938,3288 2872,3288 2869,3288 2867,3288 2864,3288 2852,3298 2831,3313 2819,3303 2808,3295 2806,3295 2803,3295 2801,3295 2798,3295 2732,3313 2735,3371 2735,3422 2948,3420 2948,3366 2945,3351 2938,3288"/>
        <Baseline points="2735,3371 2948,3366"/>
        <TextEquiv>
          <Unicode>cxiij.</Unicode>
        </TextEquiv>
      </TextLine>
      <TextLine id="eSc_line_8608c053" >
        <Coords points="649,3376 651,3425 689,3412 714,3425 719,3427 722,3427 725,3430 859,3430 859,3427 861,3427 864,3427 869,3422 879,3417 887,3422 892,3427 894,3427 897,3427 899,3427 902,3427 912,3422 938,3409 1107,3409 1128,3420 1133,3425 1135,3425 1138,3425 1140,3427 1140,3425 1143,3425 1145,3425 1150,3420 1166,3409 1178,3420 1183,3425 1186,3425 1188,3425 1191,3425 1394,3422 1396,3422 1409,3417 1437,3407 1564,3407 1574,3417 1581,3425 1584,3425 1587,3425 1589,3425 1592,3425 1617,3414 1650,3404 1734,3404 1749,3414 1756,3422 1759,3422 1761,3422 1764,3422 2096,3409 2099,3369 2096,3283 2035,3245 2033,3245 2030,3245 2028,3245 1929,3260 1888,3245 1886,3245 1883,3245 1881,3245 1822,3262 1782,3245 1779,3245 1612,3245 1609,3245 1607,3245 1604,3245 1581,3262 1564,3247 1561,3247 1559,3247 1391,3247 1389,3247 1386,3247 1384,3247 1325,3295 1323,3298 1315,3295 1270,3283 1267,3283 1265,3283 1262,3283 1259,3283 1237,3298 1232,3300 1016,3300 1014,3300 993,3283 993,3280 991,3280 988,3280 986,3280 983,3280 938,3300 935,3303 854,3303 854,3300 836,3285 836,3283 834,3283 831,3283 828,3283 646,3303 649,3376"/>
        <Baseline points="649,3376 2099,3369"/>
        <TextEquiv>
          <Unicode>XIIII Von ainer haußmutter die betagt iſt.</Unicode>
        </TextEquiv>
      </TextLine>
    </TextRegion>
    <TextRegion id="eSc_textblock_58a62343"  >
      <Coords points="3128,2847 3133,2847 3133,2926 3128,2926 3128,2847"/>
    </TextRegion>
    <TextRegion id="eSc_textblock_263e67be"  >
      <Coords points="3133,1031 3128,1031 3128,1013 3133,1013 3133,1031"/>
    </TextRegion>
    <TextRegion id="eSc_textblock_a17209ee"  >
      <Coords points="3128,3222 3133,3222 3133,3311 3128,3311 3128,3222"/>
    </TextRegion>
    <TextRegion id="eSc_textblock_29b7ff64"  >
      <Coords points="3128,3141 3133,3141 3133,3189 3128,3189 3128,3141"/>
    </TextRegion>
    <TextRegion id="eSc_textblock_5690a807"  >
      <Coords points="3128,2087 3133,2087 3133,2125 3128,2125 3128,2087"/>
    </TextRegion>
    <TextRegion id="eSc_textblock_488f29c9"  >
      <Coords points="3128,1175 3133,1175 3133,1223 3128,1223 3128,1175"/>
    </TextRegion>
    <TextRegion id="eSc_textblock_7282d8c8"  >
      <Coords points="3133,1568 3128,1568 3128,1550 3133,1550 3133,1568"/>
    </TextRegion>
    <TextRegion id="eSc_textblock_e80dcab6"  >
      <Coords points="3133,635 3128,635 3128,618 3133,618 3133,635"/>
    </TextRegion>
    <TextRegion id="eSc_textblock_04c8f142"  >
      <Coords points="3128,1337 3133,1337 3133,1385 3128,1385 3128,1337"/>
    </TextRegion>
    <TextRegion id="eSc_textblock_f8799504"  >
      <Coords points="3133,3088 3128,3088 3128,2999 3133,2999 3133,3088"/>
    </TextRegion>
    <TextRegion id="eSc_dummyblock_">
      <Coords points="0,0 0,0"/>
      <TextLine id="eSc_line_0fb2f7a3" >
        <Coords points="710,1121 710,1166 1033,1166 1045,1170 1079,1193 1083,1193 1087,1193 1090,1193 1094,1193 1098,1193 1121,1174 1125,1170 1132,1174 1144,1185 1147,1185 1151,1185 1155,1185 1159,1185 1193,1174 1216,1166 1326,1178 1425,1185 1429,1185 1433,1185 1448,1178 1482,1166 1573,1181 1668,1197 1672,1197 1676,1197 1710,1185 1756,1166 1775,1185 1786,1193 1786,1197 1790,1197 1794,1197 1797,1197 2261,1193 2265,1121 2257,1056 707,1052 710,1121"/>
        <Baseline points="712,1122 818,1127 915,1134 2266,1124"/>
        <TextEquiv>
          <Unicode>II zway fürnembſte ding inn aim Eeweib.</Unicode>
        </TextEquiv>
      </TextLine>
      <TextLine id="eSc_line_9deeb774" >
        <Coords points="1615,1683 1615,1717 2109,1725 2113,1683 2109,1626 1763,1630 1756,1630 1683,1611 1680,1611 1676,1611 1672,1611 1615,1630 1615,1683"/>
        <Baseline points="1619,1687 2116,1684"/>
        <TextEquiv>
          <Unicode>Am blat</Unicode>
        </TextEquiv>
      </TextLine>
    </TextRegion>
  </Page>
</PcGts>
